<Document xmlns="urn:iso:std:iso:20022:tech:xsd:camt.053.001.02" xmlns:xsi="http://www.w3.org/2001/XMLSchema-instance">
  <BkToCstmrStmt>
    <GrpHdr>
      <MsgId>235549650</MsgId>
      <CreDtTm>2023-10-05T12:43:51.979Z</CreDtTm>
      <MsgRcpt>
        <Id>
          <OrgId>
            <Othr>
              <Id>test001</Id>
            </Othr>
          </OrgId>
        </Id>
        <Nm>Test Client Ltd.</Nm>
      </MsgRcpt>
    </GrpHdr>
    <Stmt>
      <Id>258158850</Id>
      <ElctrncSeqNb>1</ElctrncSeqNb>
      <LglSeqNb>1</LglSeqNb>
      <CreDtTm>2023-10-05T12:43:52.098Z</CreDtTm>
      <FrToDt>
        <FrDtTm>2023-09-30</FrDtTm>
        <ToDtTm>2023-10-01</ToDtTm>
      </FrToDt>
      <TxsSummry>
        <TtlNtries>
          <NbOfNtries>14</NbOfNtries>
          <Sum>140</Sum>
          <TtlNetNtryAmt>40.00</TtlNetNtryAmt>
        </TtlNtries>
        <TtlCdtNtries>
          <NbOfNtries>9</NbOfNtries>
          <Sum>90</Sum>
        </TtlCdtNtries>
        <TtlDbtNtries>
          <NbOfNtries>5</NbOfNtries>
          <Sum>50</Sum>
        </TtlDbtNtries>
      </TxsSummry>
      <Acct>
        <Id>
          <Othr>
            <Id>DD01100056869</Id>
          </Othr>
        </Id>
        <Ccy>USD</Ccy>
        <Nm>Sample Name 123</Nm>
        <Svcr>
          <FinInstnId>
            <BIC>GSCRUS30</BIC>
          </FinInstnId>
        </Svcr>
      </Acct>
      <Bal>
        <Amt Ccy="USD">843686.20</Amt>
        <CdtDbtInd>DBIT</CdtDbtInd>
        <Tp>
          <CdOrPrtry>
            <Cd>OPBD</Cd>
          </CdOrPrtry>
        </Tp>
        <Dt>
          <DtTm>2023-09-30T18:00:00.000Z</DtTm>
        </Dt>
      </Bal>
      <Bal>
        <Amt Ccy="USD">846665.15</Amt>
        <CdtDbtInd>DBIT</CdtDbtInd>
        <Tp>
          <CdOrPrtry>
            <Cd>CLBD</Cd>
          </CdOrPrtry>
        </Tp>
        <Dt>
          <DtTm>2023-09-30T18:00:00.000Z</DtTm>
        </Dt>
      </Bal>
      <Bal>
        <Amt Ccy="USD">334432492.92</Amt>
        <CdtDbtInd>CRDT</CdtDbtInd>
        <Tp>
          <CdOrPrtry>
            <Cd>OPAV</Cd>
          </CdOrPrtry>
        </Tp>
        <Dt>
          <DtTm>2023-09-30T23:59:00.000Z</DtTm>
        </Dt>
      </Bal>
      <Bal>
        <Amt Ccy="USD">334432401.27</Amt>
        <CdtDbtInd>CRDT</CdtDbtInd>
        <Tp>
          <CdOrPrtry>
            <Cd>CLAV</Cd>
          </CdOrPrtry>
        </Tp>
        <Dt>
          <DtTm>2023-10-01T23:59:00.000Z</DtTm>
        </Dt>
      </Bal>
      <Ntry>
        <NtryRef>52198201</NtryRef>
        <CdtDbtInd>CRDT</CdtDbtInd>
        <BookgDt>
          <DtTm>2023-10-01T11:37:14.000Z</DtTm>
        </BookgDt>
        <RvslInd>true</RvslInd>
        <Amt Ccy="USD">10.00</Amt>
        <BkTxCd>
          <Prtry>
            <Cd>ACH Credit Reject</Cd>
          </Prtry>
          <Domn>
            <Fmly></Fmly>
          </Domn>
        </BkTxCd>
        <NtryDtls>
          <TxDtls>
            <Refs>
              <MsgId>GSNULXSKMMJ479NMKS</MsgId>
              <AcctSvcrRef>B20092800002225</AcctSvcrRef>
              <PmtInfId>RP/GS/CTFILERP0002/CTBA0003</PmtInfId>
              <EndToEndId>GSGWGDNCTAHQM8</EndToEndId>
            </Refs>
            <RmtInf>
              <Ustrd>Sample Unstructured Remittance 123</Ustrd>
            </RmtInf>
            <Purp></Purp>
            <RtrInf>
              <AddtlInf>Status changed to REJECTED : REJECT REVERSAL</AddtlInf>
            </RtrInf>
          </TxDtls>
        </NtryDtls>
      </Ntry>
      <Ntry>
        <NtryRef>52198251</NtryRef>
        <CdtDbtInd>DBIT</CdtDbtInd>
        <BookgDt>
          <DtTm>2023-10-01T11:37:11.000Z</DtTm>
        </BookgDt>
        <RvslInd>false</RvslInd>
        <Amt Ccy="USD">10.00</Amt>
        <BkTxCd>
          <Prtry>
            <Cd>ACH Credit Payment</Cd>
          </Prtry>
          <Domn>
            <Fmly></Fmly>
          </Domn>
        </BkTxCd>
        <NtryDtls>
          <TxDtls>
            <Refs>
              <MsgId>GSNULXSKMMJ479NMKS</MsgId>
              <AcctSvcrRef>SPB20092845886394</AcctSvcrRef>
              <PmtInfId>RP/GS/CTFILERP0002/CTBA0003</PmtInfId>
            </Refs>
            <RmtInf></RmtInf>
            <Purp></Purp>
            <RtrInf></RtrInf>
            <RltdPties>
              <Cdtr>
                <Nm>GS Bank USA</Nm>
              </Cdtr>
              <CdtrAcct>
                <Id>
                  <Othr>
                    <Id>ACHCONTROLOUTUSD01</Id>
                  </Othr>
                </Id>
              </CdtrAcct>
            </RltdPties>
            <RltdAgts></RltdAgts>
          </TxDtls>
        </NtryDtls>
      </Ntry>
      <Ntry>
        <NtryRef>52198301</NtryRef>
        <CdtDbtInd>CRDT</CdtDbtInd>
        <BookgDt>
          <DtTm>2023-10-01T11:36:04.000Z</DtTm>
        </BookgDt>
        <RvslInd>false</RvslInd>
        <Amt Ccy="USD">10.00</Amt>
        <BkTxCd>
          <Prtry>
            <Cd>Incoming Wire</Cd>
          </Prtry>
          <Domn>
            <Fmly></Fmly>
          </Domn>
        </BkTxCd>
        <NtryDtls>
          <TxDtls>
            <Refs>
              <MsgId>20230928LTERMID100000312221631FT01</MsgId>
              <AcctSvcrRef>I20092800008308</AcctSvcrRef>
              <EndToEndId>20230928LTERMID2000003</EndToEndId>
            </Refs>
            <RmtInf></RmtInf>
            <Purp></Purp>
            <RtrInf></RtrInf>
          </TxDtls>
        </NtryDtls>
      </Ntry>
      <Ntry>
        <NtryRef>111214350</NtryRef>
        <CdtDbtInd>CRDT</CdtDbtInd>
        <BookgDt>
          <DtTm>2023-10-01T21:05:02.000Z</DtTm>
        </BookgDt>
        <RvslInd>false</RvslInd>
        <Amt Ccy="USD">10.00</Amt>
        <BkTxCd>
          <Prtry>
            <Cd>ACH Debit Collection</Cd>
          </Prtry>
          <Domn>
            <Cd>PMNT</Cd>
            <Fmly>
              <Cd>IDDT</Cd>
              <SubFmlyCd>PADD</SubFmlyCd>
            </Fmly>
          </Domn>
        </BkTxCd>
        <NtryDtls>
          <TxDtls>
            <Refs>
              <MsgId>cs3SJXv1RN_20230918_A</MsgId>
              <AcctSvcrRef>SPB2326182390753</AcctSvcrRef>
              <PmtInfId>cs3SJXv1RN230918A0000022</PmtInfId>
            </Refs>
            <RmtInf></RmtInf>
            <Purp>
              <Prtry>gsbt_Of8X0</Prtry>
            </Purp>
            <RtrInf></RtrInf>
          </TxDtls>
        </NtryDtls>
      </Ntry>
      <Ntry>
        <NtryRef>107770750</NtryRef>
        <CdtDbtInd>CRDT</CdtDbtInd>
        <BookgDt>
          <DtTm>2023-10-01T15:14:51.000Z</DtTm>
        </BookgDt>
        <RvslInd>false</RvslInd>
        <Amt Ccy="USD">10.00</Amt>
        <BkTxCd>
          <Prtry>
            <Cd>Transfer</Cd>
          </Prtry>
          <Domn>
            <Cd>PMNT</Cd>
            <Fmly>
              <Cd>RCDT</Cd>
              <SubFmlyCd>BOOK</SubFmlyCd>
            </Fmly>
          </Domn>
        </BkTxCd>
        <NtryDtls>
          <TxDtls>
            <Refs>
              <MsgId>GTOS4BN19D124XV</MsgId>
              <AcctSvcrRef>GI2325100009148</AcctSvcrRef>
              <EndToEndId>GTOS4BN19D124XV</EndToEndId>
            </Refs>
            <RmtInf>
              <Ustrd>TEST 2023</Ustrd>
            </RmtInf>
            <Purp></Purp>
            <RtrInf></RtrInf>
            <RltdPties>
              <Dbtr>
                <Nm>TEST CLIENT</Nm>
              </Dbtr>
              <DbtrAcct>
                <Id>
                  <Othr>
                    <Id>6883105620</Id>
                  </Othr>
                </Id>
                <Nm>TEST CLIENT</Nm>
              </DbtrAcct>
            </RltdPties>
            <RltdAgts>
              <DbtrAgt>
                <FinInstnId>
                  <BIC>GOLDUS33XXX</BIC>
                </FinInstnId>
              </DbtrAgt>
            </RltdAgts>
          </TxDtls>
        </NtryDtls>
      </Ntry>
      <Ntry>
        <NtryRef>103825900</NtryRef>
        <CdtDbtInd>CRDT</CdtDbtInd>
        <BookgDt>
          <DtTm>2023-10-01T00:03:19.000Z</DtTm>
        </BookgDt>
        <RvslInd>false</RvslInd>
        <Amt Ccy="USD">10.00</Amt>
        <BkTxCd>
          <Prtry>
            <Cd>Interest</Cd>
          </Prtry>
          <Domn>
            <Cd>ACMT</Cd>
            <Fmly>
              <Cd>MCOP</Cd>
              <SubFmlyCd>INTR</SubFmlyCd>
            </Fmly>
          </Domn>
        </BkTxCd>
        <NtryDtls>
          <TxDtls>
            <Refs>
              <AcctSvcrRef>SBD91894_20230831_0011</AcctSvcrRef>
              <EndToEndId>SBD91894_20230831_0011</EndToEndId>
            </Refs>
            <RmtInf></RmtInf>
            <Purp></Purp>
            <RtrInf></RtrInf>
          </TxDtls>
        </NtryDtls>
      </Ntry>
      <Ntry>
        <NtryRef>111217750</NtryRef>
        <CdtDbtInd>DBIT</CdtDbtInd>
        <BookgDt>
          <DtTm>2023-10-01T19:00:47.000Z</DtTm>
        </BookgDt>
        <RvslInd>false</RvslInd>
        <Amt Ccy="USD">10.00</Amt>
        <BkTxCd>
          <Prtry>
            <Cd>Outgoing Wire</Cd>
          </Prtry>
          <Domn>
            <Cd>PMNT</Cd>
            <Fmly>
              <Cd>ICDT</Cd>
              <SubFmlyCd>DMCT</SubFmlyCd>
            </Fmly>
          </Domn>
        </BkTxCd>
        <NtryDtls>
          <TxDtls>
            <Refs>
              <MsgId>ntsub_Of6teoIeoK9HKo</MsgId>
              <AcctSvcrRef>GI2326100013419</AcctSvcrRef>
              <PmtInfId>gswire_11112AAGW0QyETo</PmtInfId>
              <EndToEndId>D2M0Y6P0D3Q0M3Z2S5T3F0X0S7G3S7V8L0S</EndToEndId>
            </Refs>
            <RmtInf>
              <Ustrd>TBT OF6LBKDOHYVGZL</Ustrd>
            </RmtInf>
            <Purp></Purp>
            <RtrInf></RtrInf>
            <RltdPties>
              <Cdtr>
                <Nm>ABC INC</Nm>
              </Cdtr>
              <CdtrAcct>
                <Id>
                  <Othr>
                    <Id>4356695007</Id>
                  </Othr>
                </Id>
              </CdtrAcct>
            </RltdPties>
            <RltdAgts>
              <CdtrAgt>
                <FinInstnId>
                  <BIC>WFBIUS6S</BIC>
                </FinInstnId>
              </CdtrAgt>
            </RltdAgts>
          </TxDtls>
        </NtryDtls>
      </Ntry>
      <Ntry>
        <NtryRef>172404700</NtryRef>
        <CdtDbtInd>DBIT</CdtDbtInd>
        <BookgDt>
          <DtTm>2023-08-02T14:52:06.000Z</DtTm>
        </BookgDt>
        <RvslInd>false</RvslInd>
        <Amt Ccy="EUR">29.06</Amt>
        <BkTxCd>
          <Prtry>
            <Cd>Outgoing Wire</Cd>
          </Prtry>
          <Domn>
            <Cd>PMNT</Cd>
            <Fmly>
              <Cd>ICDT</Cd>
              <SubFmlyCd>DMCT</SubFmlyCd>
            </Fmly>
          </Domn>
        </BkTxCd>
        <NtryDtls>
          <TxDtls>
            <Refs>
              <MsgId>5741312</MsgId>
              <AcctSvcrRef>GI2321400001068</AcctSvcrRef>
              <PmtInfId>1</PmtInfId>
              <EndToEndId>5741412</EndToEndId>
            </Refs>
            <RmtInf>
              <Ustrd>FFC</Ustrd>
            </RmtInf>
            <Purp></Purp>
            <RtrInf></RtrInf>
            <RltdPties>
              <Cdtr>
                <Nm>Test creditor name</Nm>
              </Cdtr>
              <CdtrAcct>
                <Id>
                  <Othr>
                    <Id>GB14BARC20325340846481</Id>
                  </Othr>
                </Id>
              </CdtrAcct>
            </RltdPties>
            <RltdAgts>
              <CdtrAgt>
                <FinInstnId>
                  <BIC>BARCGB22XXX</BIC>
                </FinInstnId>
              </CdtrAgt>
            </RltdAgts>
          </TxDtls>
        </NtryDtls>
      </Ntry>
      <Ntry>
        <NtryRef>177684750</NtryRef>
        <CdtDbtInd>DBIT</CdtDbtInd>
        <BookgDt>
          <DtTm>2023-10-01T08:36:45.000Z</DtTm>
        </BookgDt>
        <RvslInd>false</RvslInd>
        <Amt Ccy="USD">10.00</Amt>
        <BkTxCd>
          <Prtry>
            <Cd>RTP Outgoing</Cd>
          </Prtry>
          <Domn>
            <Cd>PMNT</Cd>
            <Fmly>
              <Cd>IRCT</Cd>
              <SubFmlyCd>DMCT</SubFmlyCd>
            </Fmly>
          </Domn>
        </BkTxCd>
        <NtryDtls>
          <TxDtls>
            <Refs>
              <MsgId>GS20QAPQIKN9ZY</MsgId>
              <AcctSvcrRef>CHFPS1000097489</AcctSvcrRef>
              <PmtInfId>RTR0808001</PmtInfId>
              <EndToEndId>GSIISSUKTI8QBQER05IK</EndToEndId>
            </Refs>
            <RmtInf></RmtInf>
            <Purp></Purp>
            <RtrInf></RtrInf>
            <RltdPties>
              <Cdtr>
                <Nm>RTR-CdtrName</Nm>
              </Cdtr>
              <CdtrAcct>
                <Id>
                  <Othr>
                    <Id>102133906</Id>
                  </Othr>
                </Id>
              </CdtrAcct>
            </RltdPties>
            <RltdAgts>
              <CdtrAgt>
                <FinInstnId>
                  <Othr>
                    <Id>10</Id>
                  </Othr>
                </FinInstnId>
              </CdtrAgt>
            </RltdAgts>
          </TxDtls>
        </NtryDtls>
      </Ntry>
      <Ntry>
        <NtryRef>268885951</NtryRef>
        <CdtDbtInd>CRDT</CdtDbtInd>
        <BookgDt>
          <DtTm>2023-10-01T16:03:53.023Z</DtTm>
        </BookgDt>
        <RvslInd>true</RvslInd>
        <Amt Ccy="USD">10.00</Amt>
        <BkTxCd>
          <Prtry>
            <Cd>Outgoing Wire Return</Cd>
          </Prtry>
          <Domn>
            <Cd>PMNT</Cd>
            <Fmly>
              <Cd>ICDT</Cd>
              <SubFmlyCd>RRTN</SubFmlyCd>
            </Fmly>
          </Domn>
        </BkTxCd>
        <NtryDtls>
          <TxDtls>
            <Refs>
              <MsgId>20210706MMQFMPU700000106301050FT03</MsgId>
              <AcctSvcrRef>GI2118700002010</AcctSvcrRef>
              <EndToEndId>GSWDEZOJDF</EndToEndId>
            </Refs>
            <RmtInf></RmtInf>
            <Purp></Purp>
            <RtrInf></RtrInf>
            <RltdPties>
              <Dbtr>
                <Nm>OPY USA INC.</Nm>
              </Dbtr>
              <DbtrAcct>
                <Id>
                  <Othr>
                    <Id>107049932</Id>
                  </Othr>
                </Id>
                <Ccy>USD</Ccy>
              </DbtrAcct>
            </RltdPties>
            <RltdAgts>
              <DbtrAgt>
                <FinInstnId>
                  <BIC>GSCRUS33</BIC>
                </FinInstnId>
              </DbtrAgt>
            </RltdAgts>
          </TxDtls>
        </NtryDtls>
      </Ntry>
      <Ntry>
        <NtryRef>274748251</NtryRef>
        <CdtDbtInd>CRDT</CdtDbtInd>
        <BookgDt>
          <DtTm>2023-10-01T14:21:59.000Z</DtTm>
        </BookgDt>
        <RvslInd>false</RvslInd>
        <Amt Ccy="USD">10.00</Amt>
        <BkTxCd>
          <Prtry>
            <Cd>Check Deposit</Cd>
          </Prtry>
          <Domn>
            <Cd>PMNT</Cd>
            <Fmly>
              <Cd>RCHQ</Cd>
              <SubFmlyCd>CCHQ</SubFmlyCd>
            </Fmly>
          </Domn>
        </BkTxCd>
        <NtryDtls>
          <TxDtls>
            <Refs>
              <MsgId>D-DEP-TEST-FILE-G</MsgId>
              <AcctSvcrRef>SX21271060439231</AcctSvcrRef>
              <PmtInfId>d-uniqueid-test123-G</PmtInfId>
            </Refs>
            <RmtInf></RmtInf>
            <Purp></Purp>
            <RtrInf></RtrInf>
          </TxDtls>
        </NtryDtls>
      </Ntry>
      <Ntry>
        <NtryRef>52198401</NtryRef>
        <CdtDbtInd>CRDT</CdtDbtInd>
        <BookgDt>
          <DtTm>2023-10-01T16:39:54.000Z</DtTm>
        </BookgDt>
        <RvslInd>false</RvslInd>
        <Amt Ccy="USD">10.00</Amt>
        <BkTxCd>
          <Prtry>
            <Cd>ACH Credit Receipt</Cd>
          </Prtry>
          <Domn>
            <Fmly></Fmly>
          </Domn>
        </BkTxCd>
        <NtryDtls>
          <TxDtls>
            <Refs>
              <MsgId>FEDACHIN092820P</MsgId>
              <AcctSvcrRef>B20092800009509</AcctSvcrRef>
              <PmtInfId>1</PmtInfId>
              <EndToEndId>21000020000017</EndToEndId>
            </Refs>
            <RmtInf></RmtInf>
            <Purp></Purp>
            <RtrInf></RtrInf>
            <RltdPties>
              <Dbtr>
                <Nm>JPMCHASEClient</Nm>
              </Dbtr>
            </RltdPties>
            <RltdAgts></RltdAgts>
          </TxDtls>
        </NtryDtls>
      </Ntry>
      <Ntry>
        <NtryRef>52198451</NtryRef>
        <CdtDbtInd>CRDT</CdtDbtInd>
        <BookgDt>
          <DtTm>2023-10-01T14:27:53.000Z</DtTm>
        </BookgDt>
        <RvslInd>true</RvslInd>
        <Amt Ccy="USD">10.00</Amt>
        <BkTxCd>
          <Prtry>
            <Cd>ACH Credit Payment Return</Cd>
          </Prtry>
          <Domn>
            <Fmly></Fmly>
          </Domn>
        </BkTxCd>
        <NtryDtls>
          <TxDtls>
            <Refs>
              <MsgId>FEDACHIN092820G</MsgId>
              <AcctSvcrRef>B20092800008542</AcctSvcrRef>
              <PmtInfId>1</PmtInfId>
              <EndToEndId>GSKWTHM25VCGE5</EndToEndId>
            </Refs>
            <RmtInf></RmtInf>
            <Purp></Purp>
            <RtrInf>
              <Rsn>
                <Prtry>R02</Prtry>
              </Rsn>
            </RtrInf>
            <RltdPties>
              <Dbtr>
                <Nm>Primrose</Nm>
              </Dbtr>
              <DbtrAcct>
                <Id>
                  <Othr>
                    <Id>456000000</Id>
                  </Othr>
                </Id>
                <Nm>Primrose</Nm>
              </DbtrAcct>
            </RltdPties>
            <RltdAgts>
              <DbtrAgt>
                <FinInstnId>
                  <Othr>
                    <Id>82000549</Id>
                  </Othr>
                </FinInstnId>
              </DbtrAgt>
            </RltdAgts>
          </TxDtls>
        </NtryDtls>
      </Ntry>
      <Ntry>
        <NtryRef>52198501</NtryRef>
        <CdtDbtInd>CRDT</CdtDbtInd>
        <BookgDt>
          <DtTm>2023-10-01T11:35:06.000Z</DtTm>
        </BookgDt>
        <RvslInd>false</RvslInd>
        <Amt Ccy="USD">10.00</Amt>
        <BkTxCd>
          <Prtry>
            <Cd>Incoming Wire</Cd>
          </Prtry>
          <Domn>
            <Fmly></Fmly>
          </Domn>
        </BkTxCd>
        <NtryDtls>
          <TxDtls>
            <Refs>
              <MsgId>20230928LTERMID100000212221631FT01</MsgId>
              <AcctSvcrRef>I20092800008305</AcctSvcrRef>
              <EndToEndId>20230928LTERMID2000002</EndToEndId>
            </Refs>
            <RmtInf></RmtInf>
            <Purp></Purp>
            <RtrInf></RtrInf>
          </TxDtls>
        </NtryDtls>
      </Ntry>
      <Ntry>
        <NtryRef>52198551</NtryRef>
        <CdtDbtInd>DBIT</CdtDbtInd>
        <BookgDt>
          <DtTm>2023-10-01T08:17:07.000Z</DtTm>
        </BookgDt>
        <RvslInd>false</RvslInd>
        <Amt Ccy="USD">10.00</Amt>
        <BkTxCd>
          <Prtry>
            <Cd>ACH Credit Payment</Cd>
          </Prtry>
          <Domn>
            <Fmly></Fmly>
          </Domn>
        </BkTxCd>
        <NtryDtls>
          <TxDtls>
            <Refs>
              <MsgId>1058863</MsgId>
              <AcctSvcrRef>PB20092845805853</AcctSvcrRef>
              <PmtInfId>CLIENTID200928A0000001</PmtInfId>
            </Refs>
            <RmtInf></RmtInf>
            <Purp></Purp>
            <RtrInf></RtrInf>
            <RltdPties>
              <Cdtr>
                <Nm>GS Bank USA</Nm>
              </Cdtr>
              <CdtrAcct>
                <Id>
                  <Othr>
                    <Id>ACHCONTROLOUTUSD01</Id>
                  </Othr>
                </Id>
              </CdtrAcct>
            </RltdPties>
            <RltdAgts></RltdAgts>
          </TxDtls>
        </NtryDtls>
      </Ntry>
    </Stmt>
  </BkToCstmrStmt>
</Document>
