<?xml version="1.0" encoding="UTF-8" ?><Document xmlns="urn:iso:std:iso:20022:tech:xsd:camt.053.001.02" xmlns:xsi="http://www.w3.org/2001/XMLSchema-instance">
	<BkToCstmrStmt>
		<GrpHdr>
			<MsgId>CAMT053-30223079-20211123020616</MsgId>
			<CreDtTm>2021-11-23T02:06:16.684</CreDtTm>
			<MsgRcpt>
				<Nm>ABC Corp.</Nm>
				<Id>
					<OrgId>
						<Othr>
							<Id>12345678</Id>
						</Othr>
					</OrgId>
				</Id>
			</MsgRcpt>
			<AddtlInf>071000288</AddtlInf>
		</GrpHdr>
		<Stmt>
			<Id>1</Id>
			<CreDtTm>2021-11-23T02:06:16.700</CreDtTm>
			<FrToDt>
				<FrDtTm>2021-11-22T00:00:00</FrDtTm>
				<ToDtTm>2021-11-22T23:59:59</ToDtTm>
			</FrToDt>
			<Acct>
				<Id>
					<Othr>
						<Id>7654321</Id>
					</Othr>
				</Id>
				<Ccy>USD</Ccy>
				<Svcr>
					<FinInstnId>
						<ClrSysMmbId>
							<MmbId>071000288</MmbId>
						</ClrSysMmbId>
					</FinInstnId>
				</Svcr>
			</Acct>
			<Bal>
				<Tp>
					<CdOrPrtry>
						<Prtry>010</Prtry>
					</CdOrPrtry>
				</Tp>
				<Amt Ccy="USD">26164474.57</Amt>
				<CdtDbtInd>CRDT</CdtDbtInd>
				<Dt>
					<Dt>2021-11-22</Dt>
				</Dt>
			</Bal>
			<Bal>
				<Tp>
					<CdOrPrtry>
						<Prtry>015</Prtry>
					</CdOrPrtry>
				</Tp>
				<Amt Ccy="USD">25118657.50</Amt>
				<CdtDbtInd>CRDT</CdtDbtInd>
				<Dt>
					<Dt>2021-11-22</Dt>
				</Dt>
			</Bal>
			<Bal>
				<Tp>
					<CdOrPrtry>
						<Prtry>040</Prtry>
					</CdOrPrtry>
				</Tp>
				<Amt Ccy="USD">25118637.50</Amt>
				<CdtDbtInd>CRDT</CdtDbtInd>
				<Dt>
					<Dt>2021-11-22</Dt>
				</Dt>
			</Bal>
			<Bal>
				<Tp>
					<CdOrPrtry>
						<Prtry>045</Prtry>
					</CdOrPrtry>
				</Tp>
				<Amt Ccy="USD">25109403.33</Amt>
				<CdtDbtInd>CRDT</CdtDbtInd>
				<Dt>
					<Dt>2021-11-22</Dt>
				</Dt>
			</Bal>
			<Bal>
				<Tp>
					<CdOrPrtry>
						<Prtry>072</Prtry>
					</CdOrPrtry>
				</Tp>
				<Amt Ccy="USD">9244.17</Amt>
				<CdtDbtInd>CRDT</CdtDbtInd>
				<Dt>
					<Dt>2021-11-22</Dt>
				</Dt>
			</Bal>
			<Bal>
				<Tp>
					<CdOrPrtry>
						<Prtry>074</Prtry>
					</CdOrPrtry>
				</Tp>
				<Amt Ccy="USD">0.00</Amt>
				<CdtDbtInd>CRDT</CdtDbtInd>
				<Dt>
					<Dt>2021-11-22</Dt>
				</Dt>
			</Bal>
			<Bal>
				<Tp>
					<CdOrPrtry>
						<Prtry>910</Prtry>
					</CdOrPrtry>
				</Tp>
				<Amt Ccy="USD">10.00</Amt>
				<CdtDbtInd>CRDT</CdtDbtInd>
				<Dt>
					<Dt>2021-11-22</Dt>
				</Dt>
			</Bal>
			<Bal>
				<Tp>
					<CdOrPrtry>
						<Prtry>911</Prtry>
					</CdOrPrtry>
				</Tp>
				<Amt Ccy="USD">100.00</Amt>
				<CdtDbtInd>CRDT</CdtDbtInd>
				<Dt>
					<Dt>2021-11-22</Dt>
				</Dt>
			</Bal>
			<Bal>
				<Tp>
					<CdOrPrtry>
						<Prtry>912</Prtry>
					</CdOrPrtry>
				</Tp>
				<Amt Ccy="USD">10.00</Amt>
				<CdtDbtInd>CRDT</CdtDbtInd>
				<Dt>
					<Dt>2021-11-22</Dt>
				</Dt>
			</Bal>
			<Bal>
				<Tp>
					<CdOrPrtry>
						<Prtry>913</Prtry>
					</CdOrPrtry>
				</Tp>
				<Amt Ccy="USD">10.00</Amt>
				<CdtDbtInd>CRDT</CdtDbtInd>
				<Dt>
					<Dt>2021-11-22</Dt>
				</Dt>
			</Bal>
			<Bal>
				<Tp>
					<CdOrPrtry>
						<Prtry>914</Prtry>
					</CdOrPrtry>
				</Tp>
				<Amt Ccy="USD">10.00</Amt>
				<CdtDbtInd>CRDT</CdtDbtInd>
				<Dt>
					<Dt>2021-11-22</Dt>
				</Dt>
			</Bal>
			<TxsSummry>
				<TtlCdtNtries>
					<NbOfNtries>333</NbOfNtries>
					<Sum>28207.19</Sum>
				</TtlCdtNtries>
				<TtlDbtNtries>
					<NbOfNtries>349</NbOfNtries>
					<Sum>1074034.26</Sum>
				</TtlDbtNtries>
			</TxsSummry>
			<Ntry>
				<Amt Ccy="USD">69.69</Amt>
				<CdtDbtInd>CRDT</CdtDbtInd>
				<Sts>BOOK</Sts>
				<BkTxCd>
					<Prtry>
						<Cd>142</Cd>
						<Issr>BAI</Issr>
					</Prtry>
				</BkTxCd>
				<NtryDtls>
					<TxDtls>
						<Refs>
							<EndToEndId>9907500157</EndToEndId>
							<TxId>0668811603</TxId>
							<ClrSysRef>091000015963217</ClrSysRef>
						</Refs>
						<AmtDtls>
							<InstdAmt>
								<Amt Ccy="EUR">78.78</Amt>
							</InstdAmt>
							<TxAmt>
								<Amt Ccy="USD">69.69</Amt>
								<CcyXchg>
									<SrcCcy>USD</SrcCcy>
								</CcyXchg>
							</TxAmt>
						</AmtDtls>
						<BkTxCd>
							<Prtry>
								<Cd>142</Cd>
								<Issr>BAI</Issr>
							</Prtry>
						</BkTxCd>
						<RltdPties>
							<Dbtr>
								<PstlAdr>
									<AdrLine>2099 Gateway Place, Ste 140</AdrLine>
								</PstlAdr>
								<Id>
									<OrgId>
										<Othr>
											<Id>11223344</Id>
											<SchmeNm>
												<Prtry>TXID</Prtry>
											</SchmeNm>
										</Othr>
										<Othr>
											<Id>22334455</Id>
											<SchmeNm>
												<Cd>CUST</Cd>
											</SchmeNm>
										</Othr>
									</OrgId>
								</Id>
							</Dbtr>
							<Cdtr>
								<Nm>XYZ INC</Nm>
								<PstlAdr>
									<AdrLine>123, ABC park Gateway Place, Ste 243</AdrLine>
								</PstlAdr>
								<Id>
									<OrgId>
										<Othr>
											<Id>ABC000600590152</Id>
										</Othr>
									</OrgId>
								</Id>
							</Cdtr>
							<CdtrAcct>
								<Id>
									<Othr>
										<Id>12323454</Id>
									</Othr>
								</Id>
								<Ccy>USD</Ccy>
							</CdtrAcct>
						</RltdPties>
						<RltdAgts>
							<DbtrAgt>
								<FinInstnId>
									<ClrSysMmbId>
										<MmbId>887766554</MmbId>
									</ClrSysMmbId>
									<PstlAdr>
										<Ctry>US</Ctry>
									</PstlAdr>
								</FinInstnId>
							</DbtrAgt>
							<CdtrAgt>
								<FinInstnId>
									<ClrSysMmbId>
										<MmbId>123456789</MmbId>
									</ClrSysMmbId>
									<PstlAdr>
										<Ctry>US</Ctry>
									</PstlAdr>
								</FinInstnId>
							</CdtrAgt>
						</RltdAgts>
						<Purp>
							<Prtry>IAT</Prtry>
						</Purp>
						<RltdDts>
							<TxDtTm>2021-10-27T00:00:00.000</TxDtTm>
						</RltdDts>
						<AddtlTxInf>ACH Credit Received, SECONDARY TRANS TYPE=DEP, SENDING CO. NAME=FGH CORP., FOREIGN EXCHANGE IND=FF</AddtlTxInf>
					</TxDtls>
				</NtryDtls>
			</Ntry>
		</Stmt>
	</BkToCstmrStmt>
</Document>