<?xml version="1.0" encoding="UTF-8" ?>
<Document
        xmlns="urn:iso:std:iso:20022:tech:xsd:camt.053.001.02"
        xmlns:xsi="http://www.w3.org/2001/XMLSchema-instance">
    <BkToCstmrStmt>
        <GrpHdr>
            <MsgId>CAMT053-30290641-20250828071718</MsgId>
            <CreDtTm>2025-08-28T07:17:18.169</CreDtTm>
            <MsgRcpt>
                <Nm>Huron Inc.</Nm>
                <Id>
                    <OrgId>
                        <Othr>
                            <Id>30290641</Id>
                        </Othr>
                    </OrgId>
                </Id>
            </MsgRcpt>
            <AddtlInf>BOFMCAM2</AddtlInf>
        </GrpHdr>
        <Stmt>
            <Id>1</Id>
            <CreDtTm>2025-08-28T07:17:18.170</CreDtTm>
            <FrToDt>
                <FrDtTm>2025-08-27T00:00:00</FrDtTm>
                <ToDtTm>2025-08-27T23:59:59</ToDtTm>
            </FrToDt>
            <Acct>
                <Id>
                    <Othr>
                        <Id>00021470183</Id>
                    </Othr>
                </Id>
                <Ccy>CAD</Ccy>
                <Svcr>
                    <FinInstnId>
                        <BIC>BOFMCAM2</BIC>
                    </FinInstnId>
                </Svcr>
            </Acct>
            <Bal>
                <Tp>
                    <CdOrPrtry>
                        <Prtry>015</Prtry>
                    </CdOrPrtry>
                </Tp>
                <Amt Ccy="CAD">0.00</Amt>
                <CdtDbtInd>CRDT</CdtDbtInd>
                <Dt>
                    <Dt>2025-08-27</Dt>
                </Dt>
            </Bal>
            <Bal>
                <Tp>
                    <CdOrPrtry>
                        <Prtry>901</Prtry>
                    </CdOrPrtry>
                </Tp>
                <Amt Ccy="CAD">0.00</Amt>
                <CdtDbtInd>CRDT</CdtDbtInd>
                <Dt>
                    <Dt>2025-08-27</Dt>
                </Dt>
            </Bal>
            <Bal>
                <Tp>
                    <CdOrPrtry>
                        <Prtry>010</Prtry>
                    </CdOrPrtry>
                </Tp>
                <Amt Ccy="CAD">0.00</Amt>
                <CdtDbtInd>CRDT</CdtDbtInd>
                <Dt>
                    <Dt>2025-08-27</Dt>
                </Dt>
            </Bal>
            <Bal>
                <Tp>
                    <CdOrPrtry>
                        <Prtry>030</Prtry>
                    </CdOrPrtry>
                </Tp>
                <Amt Ccy="CAD">0.00</Amt>
                <CdtDbtInd>CRDT</CdtDbtInd>
                <Dt>
                    <Dt>2025-08-27</Dt>
                </Dt>
            </Bal>
            <Bal>
                <Tp>
                    <CdOrPrtry>
                        <Prtry>040</Prtry>
                    </CdOrPrtry>
                </Tp>
                <Amt Ccy="CAD">0.00</Amt>
                <CdtDbtInd>CRDT</CdtDbtInd>
                <Dt>
                    <Dt>2025-08-27</Dt>
                </Dt>
            </Bal>
            <Bal>
                <Tp>
                    <CdOrPrtry>
                        <Prtry>060</Prtry>
                    </CdOrPrtry>
                </Tp>
                <Amt Ccy="CAD">0.00</Amt>
                <CdtDbtInd>CRDT</CdtDbtInd>
                <Dt>
                    <Dt>2025-08-27</Dt>
                </Dt>
            </Bal>
            <Bal>
                <Tp>
                    <CdOrPrtry>
                        <Prtry>066</Prtry>
                    </CdOrPrtry>
                </Tp>
                <Amt Ccy="CAD">0.00</Amt>
                <CdtDbtInd>CRDT</CdtDbtInd>
                <Dt>
                    <Dt>2025-08-27</Dt>
                </Dt>
            </Bal>
        </Stmt>
        <Stmt>
            <Id>2</Id>
            <CreDtTm>2025-08-28T07:17:18.171</CreDtTm>
            <FrToDt>
                <FrDtTm>2025-08-27T00:00:00</FrDtTm>
                <ToDtTm>2025-08-27T23:59:59</ToDtTm>
            </FrToDt>
            <Acct>
                <Id>
                    <Othr>
                        <Id>00021470212</Id>
                    </Othr>
                </Id>
                <Ccy>CAD</Ccy>
                <Svcr>
                    <FinInstnId>
                        <BIC>BOFMCAM2</BIC>
                    </FinInstnId>
                </Svcr>
            </Acct>
            <Bal>
                <Tp>
                    <CdOrPrtry>
                        <Prtry>015</Prtry>
                    </CdOrPrtry>
                </Tp>
                <Amt Ccy="CAD">5200000.00</Amt>
                <CdtDbtInd>CRDT</CdtDbtInd>
                <Dt>
                    <Dt>2025-08-27</Dt>
                </Dt>
            </Bal>
            <Bal>
                <Tp>
                    <CdOrPrtry>
                        <Prtry>901</Prtry>
                    </CdOrPrtry>
                </Tp>
                <Amt Ccy="CAD">5200000.00</Amt>
                <CdtDbtInd>CRDT</CdtDbtInd>
                <Dt>
                    <Dt>2025-08-27</Dt>
                </Dt>
            </Bal>
            <Bal>
                <Tp>
                    <CdOrPrtry>
                        <Prtry>010</Prtry>
                    </CdOrPrtry>
                </Tp>
                <Amt Ccy="CAD">5200000.00</Amt>
                <CdtDbtInd>CRDT</CdtDbtInd>
                <Dt>
                    <Dt>2025-08-27</Dt>
                </Dt>
            </Bal>
            <Bal>
                <Tp>
                    <CdOrPrtry>
                        <Prtry>030</Prtry>
                    </CdOrPrtry>
                </Tp>
                <Amt Ccy="CAD">5200000.00</Amt>
                <CdtDbtInd>CRDT</CdtDbtInd>
                <Dt>
                    <Dt>2025-08-27</Dt>
                </Dt>
            </Bal>
            <Bal>
                <Tp>
                    <CdOrPrtry>
                        <Prtry>040</Prtry>
                    </CdOrPrtry>
                </Tp>
                <Amt Ccy="CAD">5200000.00</Amt>
                <CdtDbtInd>CRDT</CdtDbtInd>
                <Dt>
                    <Dt>2025-08-27</Dt>
                </Dt>
            </Bal>
            <Bal>
                <Tp>
                    <CdOrPrtry>
                        <Prtry>060</Prtry>
                    </CdOrPrtry>
                </Tp>
                <Amt Ccy="CAD">5200000.00</Amt>
                <CdtDbtInd>CRDT</CdtDbtInd>
                <Dt>
                    <Dt>2025-08-27</Dt>
                </Dt>
            </Bal>
            <Bal>
                <Tp>
                    <CdOrPrtry>
                        <Prtry>066</Prtry>
                    </CdOrPrtry>
                </Tp>
                <Amt Ccy="CAD">5200000.00</Amt>
                <CdtDbtInd>CRDT</CdtDbtInd>
                <Dt>
                    <Dt>2025-08-27</Dt>
                </Dt>
            </Bal>
        </Stmt>
        <Stmt>
            <Id>3</Id>
            <CreDtTm>2025-08-28T07:17:18.173</CreDtTm>
            <FrToDt>
                <FrDtTm>2025-08-27T00:00:00</FrDtTm>
                <ToDtTm>2025-08-27T23:59:59</ToDtTm>
            </FrToDt>
            <Acct>
                <Id>
                    <Othr>
                        <Id>00021476374</Id>
                    </Othr>
                </Id>
                <Ccy>CAD</Ccy>
                <Svcr>
                    <FinInstnId>
                        <BIC>BOFMCAM2</BIC>
                    </FinInstnId>
                </Svcr>
            </Acct>
            <Bal>
                <Tp>
                    <CdOrPrtry>
                        <Prtry>015</Prtry>
                    </CdOrPrtry>
                </Tp>
                <Amt Ccy="CAD">0.00</Amt>
                <CdtDbtInd>CRDT</CdtDbtInd>
                <Dt>
                    <Dt>2025-08-27</Dt>
                </Dt>
            </Bal>
            <Bal>
                <Tp>
                    <CdOrPrtry>
                        <Prtry>901</Prtry>
                    </CdOrPrtry>
                </Tp>
                <Amt Ccy="CAD">0.00</Amt>
                <CdtDbtInd>CRDT</CdtDbtInd>
                <Dt>
                    <Dt>2025-08-27</Dt>
                </Dt>
            </Bal>
            <Bal>
                <Tp>
                    <CdOrPrtry>
                        <Prtry>010</Prtry>
                    </CdOrPrtry>
                </Tp>
                <Amt Ccy="CAD">0.00</Amt>
                <CdtDbtInd>CRDT</CdtDbtInd>
                <Dt>
                    <Dt>2025-08-27</Dt>
                </Dt>
            </Bal>
            <Bal>
                <Tp>
                    <CdOrPrtry>
                        <Prtry>030</Prtry>
                    </CdOrPrtry>
                </Tp>
                <Amt Ccy="CAD">0.00</Amt>
                <CdtDbtInd>CRDT</CdtDbtInd>
                <Dt>
                    <Dt>2025-08-27</Dt>
                </Dt>
            </Bal>
            <Bal>
                <Tp>
                    <CdOrPrtry>
                        <Prtry>040</Prtry>
                    </CdOrPrtry>
                </Tp>
                <Amt Ccy="CAD">0.00</Amt>
                <CdtDbtInd>CRDT</CdtDbtInd>
                <Dt>
                    <Dt>2025-08-27</Dt>
                </Dt>
            </Bal>
            <Bal>
                <Tp>
                    <CdOrPrtry>
                        <Prtry>060</Prtry>
                    </CdOrPrtry>
                </Tp>
                <Amt Ccy="CAD">0.00</Amt>
                <CdtDbtInd>CRDT</CdtDbtInd>
                <Dt>
                    <Dt>2025-08-27</Dt>
                </Dt>
            </Bal>
            <Bal>
                <Tp>
                    <CdOrPrtry>
                        <Prtry>066</Prtry>
                    </CdOrPrtry>
                </Tp>
                <Amt Ccy="CAD">0.00</Amt>
                <CdtDbtInd>CRDT</CdtDbtInd>
                <Dt>
                    <Dt>2025-08-27</Dt>
                </Dt>
            </Bal>
        </Stmt>
        <Stmt>
            <Id>4</Id>
            <CreDtTm>2025-08-28T07:17:18.174</CreDtTm>
            <FrToDt>
                <FrDtTm>2025-08-27T00:00:00</FrDtTm>
                <ToDtTm>2025-08-27T23:59:59</ToDtTm>
            </FrToDt>
            <Acct>
                <Id>
                    <Othr>
                        <Id>00021476382</Id>
                    </Othr>
                </Id>
                <Ccy>CAD</Ccy>
                <Svcr>
                    <FinInstnId>
                        <BIC>BOFMCAM2</BIC>
                    </FinInstnId>
                </Svcr>
            </Acct>
            <Bal>
                <Tp>
                    <CdOrPrtry>
                        <Prtry>015</Prtry>
                    </CdOrPrtry>
                </Tp>
                <Amt Ccy="CAD">945.00</Amt>
                <CdtDbtInd>CRDT</CdtDbtInd>
                <Dt>
                    <Dt>2025-08-27</Dt>
                </Dt>
            </Bal>
            <Bal>
                <Tp>
                    <CdOrPrtry>
                        <Prtry>901</Prtry>
                    </CdOrPrtry>
                </Tp>
                <Amt Ccy="CAD">945.00</Amt>
                <CdtDbtInd>CRDT</CdtDbtInd>
                <Dt>
                    <Dt>2025-08-27</Dt>
                </Dt>
            </Bal>
            <Bal>
                <Tp>
                    <CdOrPrtry>
                        <Prtry>010</Prtry>
                    </CdOrPrtry>
                </Tp>
                <Amt Ccy="CAD">945.00</Amt>
                <CdtDbtInd>CRDT</CdtDbtInd>
                <Dt>
                    <Dt>2025-08-27</Dt>
                </Dt>
            </Bal>
            <Bal>
                <Tp>
                    <CdOrPrtry>
                        <Prtry>030</Prtry>
                    </CdOrPrtry>
                </Tp>
                <Amt Ccy="CAD">945.00</Amt>
                <CdtDbtInd>CRDT</CdtDbtInd>
                <Dt>
                    <Dt>2025-08-27</Dt>
                </Dt>
            </Bal>
            <Bal>
                <Tp>
                    <CdOrPrtry>
                        <Prtry>040</Prtry>
                    </CdOrPrtry>
                </Tp>
                <Amt Ccy="CAD">945.00</Amt>
                <CdtDbtInd>CRDT</CdtDbtInd>
                <Dt>
                    <Dt>2025-08-27</Dt>
                </Dt>
            </Bal>
            <Bal>
                <Tp>
                    <CdOrPrtry>
                        <Prtry>060</Prtry>
                    </CdOrPrtry>
                </Tp>
                <Amt Ccy="CAD">945.00</Amt>
                <CdtDbtInd>CRDT</CdtDbtInd>
                <Dt>
                    <Dt>2025-08-27</Dt>
                </Dt>
            </Bal>
            <Bal>
                <Tp>
                    <CdOrPrtry>
                        <Prtry>066</Prtry>
                    </CdOrPrtry>
                </Tp>
                <Amt Ccy="CAD">945.00</Amt>
                <CdtDbtInd>CRDT</CdtDbtInd>
                <Dt>
                    <Dt>2025-08-27</Dt>
                </Dt>
            </Bal>
        </Stmt>
        <Stmt>
            <Id>5</Id>
            <CreDtTm>2025-08-28T07:17:18.176</CreDtTm>
            <FrToDt>
                <FrDtTm>2025-08-27T00:00:00</FrDtTm>
                <ToDtTm>2025-08-27T23:59:59</ToDtTm>
            </FrToDt>
            <Acct>
                <Id>
                    <Othr>
                        <Id>00021476390</Id>
                    </Othr>
                </Id>
                <Ccy>CAD</Ccy>
                <Svcr>
                    <FinInstnId>
                        <BIC>BOFMCAM2</BIC>
                    </FinInstnId>
                </Svcr>
            </Acct>
            <Bal>
                <Tp>
                    <CdOrPrtry>
                        <Prtry>015</Prtry>
                    </CdOrPrtry>
                </Tp>
                <Amt Ccy="CAD">15.71</Amt>
                <CdtDbtInd>DBIT</CdtDbtInd>
                <Dt>
                    <Dt>2025-08-27</Dt>
                </Dt>
            </Bal>
            <Bal>
                <Tp>
                    <CdOrPrtry>
                        <Prtry>901</Prtry>
                    </CdOrPrtry>
                </Tp>
                <Amt Ccy="CAD">15.71</Amt>
                <CdtDbtInd>DBIT</CdtDbtInd>
                <Dt>
                    <Dt>2025-08-27</Dt>
                </Dt>
            </Bal>
            <Bal>
                <Tp>
                    <CdOrPrtry>
                        <Prtry>010</Prtry>
                    </CdOrPrtry>
                </Tp>
                <Amt Ccy="CAD">15.71</Amt>
                <CdtDbtInd>DBIT</CdtDbtInd>
                <Dt>
                    <Dt>2025-08-27</Dt>
                </Dt>
            </Bal>
            <Bal>
                <Tp>
                    <CdOrPrtry>
                        <Prtry>030</Prtry>
                    </CdOrPrtry>
                </Tp>
                <Amt Ccy="CAD">15.71</Amt>
                <CdtDbtInd>DBIT</CdtDbtInd>
                <Dt>
                    <Dt>2025-08-27</Dt>
                </Dt>
            </Bal>
            <Bal>
                <Tp>
                    <CdOrPrtry>
                        <Prtry>066</Prtry>
                    </CdOrPrtry>
                </Tp>
                <Amt Ccy="CAD">15.71</Amt>
                <CdtDbtInd>DBIT</CdtDbtInd>
                <Dt>
                    <Dt>2025-08-27</Dt>
                </Dt>
            </Bal>
            <Bal>
                <Tp>
                    <CdOrPrtry>
                        <Prtry>040</Prtry>
                    </CdOrPrtry>
                </Tp>
                <Amt Ccy="CAD">0.00</Amt>
                <CdtDbtInd>CRDT</CdtDbtInd>
                <Dt>
                    <Dt>2025-08-27</Dt>
                </Dt>
            </Bal>
            <Bal>
                <Tp>
                    <CdOrPrtry>
                        <Prtry>060</Prtry>
                    </CdOrPrtry>
                </Tp>
                <Amt Ccy="CAD">0.00</Amt>
                <CdtDbtInd>CRDT</CdtDbtInd>
                <Dt>
                    <Dt>2025-08-27</Dt>
                </Dt>
            </Bal>
        </Stmt>
        <Stmt>
            <Id>6</Id>
            <CreDtTm>2025-08-28T07:17:18.178</CreDtTm>
            <FrToDt>
                <FrDtTm>2025-08-27T00:00:00</FrDtTm>
                <ToDtTm>2025-08-27T23:59:59</ToDtTm>
            </FrToDt>
            <Acct>
                <Id>
                    <Othr>
                        <Id>00021476411</Id>
                    </Othr>
                </Id>
                <Ccy>CAD</Ccy>
                <Svcr>
                    <FinInstnId>
                        <BIC>BOFMCAM2</BIC>
                    </FinInstnId>
                </Svcr>
            </Acct>
            <Bal>
                <Tp>
                    <CdOrPrtry>
                        <Prtry>015</Prtry>
                    </CdOrPrtry>
                </Tp>
                <Amt Ccy="CAD">0.00</Amt>
                <CdtDbtInd>CRDT</CdtDbtInd>
                <Dt>
                    <Dt>2025-08-27</Dt>
                </Dt>
            </Bal>
            <Bal>
                <Tp>
                    <CdOrPrtry>
                        <Prtry>901</Prtry>
                    </CdOrPrtry>
                </Tp>
                <Amt Ccy="CAD">0.00</Amt>
                <CdtDbtInd>CRDT</CdtDbtInd>
                <Dt>
                    <Dt>2025-08-27</Dt>
                </Dt>
            </Bal>
            <Bal>
                <Tp>
                    <CdOrPrtry>
                        <Prtry>010</Prtry>
                    </CdOrPrtry>
                </Tp>
                <Amt Ccy="CAD">0.00</Amt>
                <CdtDbtInd>CRDT</CdtDbtInd>
                <Dt>
                    <Dt>2025-08-27</Dt>
                </Dt>
            </Bal>
            <Bal>
                <Tp>
                    <CdOrPrtry>
                        <Prtry>030</Prtry>
                    </CdOrPrtry>
                </Tp>
                <Amt Ccy="CAD">0.00</Amt>
                <CdtDbtInd>CRDT</CdtDbtInd>
                <Dt>
                    <Dt>2025-08-27</Dt>
                </Dt>
            </Bal>
            <Bal>
                <Tp>
                    <CdOrPrtry>
                        <Prtry>040</Prtry>
                    </CdOrPrtry>
                </Tp>
                <Amt Ccy="CAD">0.00</Amt>
                <CdtDbtInd>CRDT</CdtDbtInd>
                <Dt>
                    <Dt>2025-08-27</Dt>
                </Dt>
            </Bal>
            <Bal>
                <Tp>
                    <CdOrPrtry>
                        <Prtry>060</Prtry>
                    </CdOrPrtry>
                </Tp>
                <Amt Ccy="CAD">0.00</Amt>
                <CdtDbtInd>CRDT</CdtDbtInd>
                <Dt>
                    <Dt>2025-08-27</Dt>
                </Dt>
            </Bal>
            <Bal>
                <Tp>
                    <CdOrPrtry>
                        <Prtry>066</Prtry>
                    </CdOrPrtry>
                </Tp>
                <Amt Ccy="CAD">0.00</Amt>
                <CdtDbtInd>CRDT</CdtDbtInd>
                <Dt>
                    <Dt>2025-08-27</Dt>
                </Dt>
            </Bal>
        </Stmt>
        <Stmt>
            <Id>7</Id>
            <CreDtTm>2025-08-28T07:17:18.180</CreDtTm>
            <FrToDt>
                <FrDtTm>2025-08-27T00:00:00</FrDtTm>
                <ToDtTm>2025-08-27T23:59:59</ToDtTm>
            </FrToDt>
            <Acct>
                <Id>
                    <Othr>
                        <Id>00021476438</Id>
                    </Othr>
                </Id>
                <Ccy>CAD</Ccy>
                <Svcr>
                    <FinInstnId>
                        <BIC>BOFMCAM2</BIC>
                    </FinInstnId>
                </Svcr>
            </Acct>
            <Bal>
                <Tp>
                    <CdOrPrtry>
                        <Prtry>015</Prtry>
                    </CdOrPrtry>
                </Tp>
                <Amt Ccy="CAD">811602.37</Amt>
                <CdtDbtInd>CRDT</CdtDbtInd>
                <Dt>
                    <Dt>2025-08-27</Dt>
                </Dt>
            </Bal>
            <Bal>
                <Tp>
                    <CdOrPrtry>
                        <Prtry>901</Prtry>
                    </CdOrPrtry>
                </Tp>
                <Amt Ccy="CAD">811602.37</Amt>
                <CdtDbtInd>CRDT</CdtDbtInd>
                <Dt>
                    <Dt>2025-08-27</Dt>
                </Dt>
            </Bal>
            <Bal>
                <Tp>
                    <CdOrPrtry>
                        <Prtry>010</Prtry>
                    </CdOrPrtry>
                </Tp>
                <Amt Ccy="CAD">811602.37</Amt>
                <CdtDbtInd>CRDT</CdtDbtInd>
                <Dt>
                    <Dt>2025-08-27</Dt>
                </Dt>
            </Bal>
            <Bal>
                <Tp>
                    <CdOrPrtry>
                        <Prtry>030</Prtry>
                    </CdOrPrtry>
                </Tp>
                <Amt Ccy="CAD">811602.37</Amt>
                <CdtDbtInd>CRDT</CdtDbtInd>
                <Dt>
                    <Dt>2025-08-27</Dt>
                </Dt>
            </Bal>
            <Bal>
                <Tp>
                    <CdOrPrtry>
                        <Prtry>040</Prtry>
                    </CdOrPrtry>
                </Tp>
                <Amt Ccy="CAD">811602.37</Amt>
                <CdtDbtInd>CRDT</CdtDbtInd>
                <Dt>
                    <Dt>2025-08-27</Dt>
                </Dt>
            </Bal>
            <Bal>
                <Tp>
                    <CdOrPrtry>
                        <Prtry>060</Prtry>
                    </CdOrPrtry>
                </Tp>
                <Amt Ccy="CAD">811602.37</Amt>
                <CdtDbtInd>CRDT</CdtDbtInd>
                <Dt>
                    <Dt>2025-08-27</Dt>
                </Dt>
            </Bal>
            <Bal>
                <Tp>
                    <CdOrPrtry>
                        <Prtry>066</Prtry>
                    </CdOrPrtry>
                </Tp>
                <Amt Ccy="CAD">811602.37</Amt>
                <CdtDbtInd>CRDT</CdtDbtInd>
                <Dt>
                    <Dt>2025-08-27</Dt>
                </Dt>
            </Bal>
        </Stmt>
        <Stmt>
            <Id>8</Id>
            <CreDtTm>2025-08-28T07:17:18.181</CreDtTm>
            <FrToDt>
                <FrDtTm>2025-08-27T00:00:00</FrDtTm>
                <ToDtTm>2025-08-27T23:59:59</ToDtTm>
            </FrToDt>
            <Acct>
                <Id>
                    <Othr>
                        <Id>00021476446</Id>
                    </Othr>
                </Id>
                <Ccy>CAD</Ccy>
                <Svcr>
                    <FinInstnId>
                        <BIC>BOFMCAM2</BIC>
                    </FinInstnId>
                </Svcr>
            </Acct>
            <Bal>
                <Tp>
                    <CdOrPrtry>
                        <Prtry>015</Prtry>
                    </CdOrPrtry>
                </Tp>
                <Amt Ccy="CAD">106.46</Amt>
                <CdtDbtInd>CRDT</CdtDbtInd>
                <Dt>
                    <Dt>2025-08-27</Dt>
                </Dt>
            </Bal>
            <Bal>
                <Tp>
                    <CdOrPrtry>
                        <Prtry>901</Prtry>
                    </CdOrPrtry>
                </Tp>
                <Amt Ccy="CAD">106.46</Amt>
                <CdtDbtInd>CRDT</CdtDbtInd>
                <Dt>
                    <Dt>2025-08-27</Dt>
                </Dt>
            </Bal>
            <Bal>
                <Tp>
                    <CdOrPrtry>
                        <Prtry>010</Prtry>
                    </CdOrPrtry>
                </Tp>
                <Amt Ccy="CAD">106.46</Amt>
                <CdtDbtInd>CRDT</CdtDbtInd>
                <Dt>
                    <Dt>2025-08-27</Dt>
                </Dt>
            </Bal>
            <Bal>
                <Tp>
                    <CdOrPrtry>
                        <Prtry>030</Prtry>
                    </CdOrPrtry>
                </Tp>
                <Amt Ccy="CAD">106.46</Amt>
                <CdtDbtInd>CRDT</CdtDbtInd>
                <Dt>
                    <Dt>2025-08-27</Dt>
                </Dt>
            </Bal>
            <Bal>
                <Tp>
                    <CdOrPrtry>
                        <Prtry>040</Prtry>
                    </CdOrPrtry>
                </Tp>
                <Amt Ccy="CAD">106.46</Amt>
                <CdtDbtInd>CRDT</CdtDbtInd>
                <Dt>
                    <Dt>2025-08-27</Dt>
                </Dt>
            </Bal>
            <Bal>
                <Tp>
                    <CdOrPrtry>
                        <Prtry>060</Prtry>
                    </CdOrPrtry>
                </Tp>
                <Amt Ccy="CAD">106.46</Amt>
                <CdtDbtInd>CRDT</CdtDbtInd>
                <Dt>
                    <Dt>2025-08-27</Dt>
                </Dt>
            </Bal>
            <Bal>
                <Tp>
                    <CdOrPrtry>
                        <Prtry>066</Prtry>
                    </CdOrPrtry>
                </Tp>
                <Amt Ccy="CAD">106.46</Amt>
                <CdtDbtInd>CRDT</CdtDbtInd>
                <Dt>
                    <Dt>2025-08-27</Dt>
                </Dt>
            </Bal>
        </Stmt>
        <Stmt>
            <Id>9</Id>
            <CreDtTm>2025-08-28T07:17:18.183</CreDtTm>
            <FrToDt>
                <FrDtTm>2025-08-27T00:00:00</FrDtTm>
                <ToDtTm>2025-08-27T23:59:59</ToDtTm>
            </FrToDt>
            <Acct>
                <Id>
                    <Othr>
                        <Id>00021501904</Id>
                    </Othr>
                </Id>
                <Ccy>CAD</Ccy>
                <Svcr>
                    <FinInstnId>
                        <BIC>BOFMCAM2</BIC>
                    </FinInstnId>
                </Svcr>
            </Acct>
            <Bal>
                <Tp>
                    <CdOrPrtry>
                        <Prtry>015</Prtry>
                    </CdOrPrtry>
                </Tp>
                <Amt Ccy="CAD">10134.88</Amt>
                <CdtDbtInd>CRDT</CdtDbtInd>
                <Dt>
                    <Dt>2025-08-27</Dt>
                </Dt>
            </Bal>
            <Bal>
                <Tp>
                    <CdOrPrtry>
                        <Prtry>901</Prtry>
                    </CdOrPrtry>
                </Tp>
                <Amt Ccy="CAD">10134.88</Amt>
                <CdtDbtInd>CRDT</CdtDbtInd>
                <Dt>
                    <Dt>2025-08-27</Dt>
                </Dt>
            </Bal>
            <Bal>
                <Tp>
                    <CdOrPrtry>
                        <Prtry>010</Prtry>
                    </CdOrPrtry>
                </Tp>
                <Amt Ccy="CAD">10134.88</Amt>
                <CdtDbtInd>CRDT</CdtDbtInd>
                <Dt>
                    <Dt>2025-08-27</Dt>
                </Dt>
            </Bal>
            <Bal>
                <Tp>
                    <CdOrPrtry>
                        <Prtry>030</Prtry>
                    </CdOrPrtry>
                </Tp>
                <Amt Ccy="CAD">10134.88</Amt>
                <CdtDbtInd>CRDT</CdtDbtInd>
                <Dt>
                    <Dt>2025-08-27</Dt>
                </Dt>
            </Bal>
            <Bal>
                <Tp>
                    <CdOrPrtry>
                        <Prtry>040</Prtry>
                    </CdOrPrtry>
                </Tp>
                <Amt Ccy="CAD">10134.88</Amt>
                <CdtDbtInd>CRDT</CdtDbtInd>
                <Dt>
                    <Dt>2025-08-27</Dt>
                </Dt>
            </Bal>
            <Bal>
                <Tp>
                    <CdOrPrtry>
                        <Prtry>060</Prtry>
                    </CdOrPrtry>
                </Tp>
                <Amt Ccy="CAD">10134.88</Amt>
                <CdtDbtInd>CRDT</CdtDbtInd>
                <Dt>
                    <Dt>2025-08-27</Dt>
                </Dt>
            </Bal>
            <Bal>
                <Tp>
                    <CdOrPrtry>
                        <Prtry>066</Prtry>
                    </CdOrPrtry>
                </Tp>
                <Amt Ccy="CAD">10134.88</Amt>
                <CdtDbtInd>CRDT</CdtDbtInd>
                <Dt>
                    <Dt>2025-08-27</Dt>
                </Dt>
            </Bal>
        </Stmt>
        <Stmt>
            <Id>10</Id>
            <CreDtTm>2025-08-28T07:17:18.185</CreDtTm>
            <FrToDt>
                <FrDtTm>2025-08-27T00:00:00</FrDtTm>
                <ToDtTm>2025-08-27T23:59:59</ToDtTm>
            </FrToDt>
            <Acct>
                <Id>
                    <Othr>
                        <Id>00021501912</Id>
                    </Othr>
                </Id>
                <Ccy>CAD</Ccy>
                <Svcr>
                    <FinInstnId>
                        <BIC>BOFMCAM2</BIC>
                    </FinInstnId>
                </Svcr>
            </Acct>
            <Bal>
                <Tp>
                    <CdOrPrtry>
                        <Prtry>015</Prtry>
                    </CdOrPrtry>
                </Tp>
                <Amt Ccy="CAD">9333.24</Amt>
                <CdtDbtInd>CRDT</CdtDbtInd>
                <Dt>
                    <Dt>2025-08-27</Dt>
                </Dt>
            </Bal>
            <Bal>
                <Tp>
                    <CdOrPrtry>
                        <Prtry>901</Prtry>
                    </CdOrPrtry>
                </Tp>
                <Amt Ccy="CAD">9333.24</Amt>
                <CdtDbtInd>CRDT</CdtDbtInd>
                <Dt>
                    <Dt>2025-08-27</Dt>
                </Dt>
            </Bal>
            <Bal>
                <Tp>
                    <CdOrPrtry>
                        <Prtry>010</Prtry>
                    </CdOrPrtry>
                </Tp>
                <Amt Ccy="CAD">9333.24</Amt>
                <CdtDbtInd>CRDT</CdtDbtInd>
                <Dt>
                    <Dt>2025-08-27</Dt>
                </Dt>
            </Bal>
            <Bal>
                <Tp>
                    <CdOrPrtry>
                        <Prtry>030</Prtry>
                    </CdOrPrtry>
                </Tp>
                <Amt Ccy="CAD">9333.24</Amt>
                <CdtDbtInd>CRDT</CdtDbtInd>
                <Dt>
                    <Dt>2025-08-27</Dt>
                </Dt>
            </Bal>
            <Bal>
                <Tp>
                    <CdOrPrtry>
                        <Prtry>040</Prtry>
                    </CdOrPrtry>
                </Tp>
                <Amt Ccy="CAD">9333.24</Amt>
                <CdtDbtInd>CRDT</CdtDbtInd>
                <Dt>
                    <Dt>2025-08-27</Dt>
                </Dt>
            </Bal>
            <Bal>
                <Tp>
                    <CdOrPrtry>
                        <Prtry>060</Prtry>
                    </CdOrPrtry>
                </Tp>
                <Amt Ccy="CAD">9333.24</Amt>
                <CdtDbtInd>CRDT</CdtDbtInd>
                <Dt>
                    <Dt>2025-08-27</Dt>
                </Dt>
            </Bal>
            <Bal>
                <Tp>
                    <CdOrPrtry>
                        <Prtry>066</Prtry>
                    </CdOrPrtry>
                </Tp>
                <Amt Ccy="CAD">9333.24</Amt>
                <CdtDbtInd>CRDT</CdtDbtInd>
                <Dt>
                    <Dt>2025-08-27</Dt>
                </Dt>
            </Bal>
        </Stmt>
        <Stmt>
            <Id>11</Id>
            <CreDtTm>2025-08-28T07:17:18.186</CreDtTm>
            <FrToDt>
                <FrDtTm>2025-08-27T00:00:00</FrDtTm>
                <ToDtTm>2025-08-27T23:59:59</ToDtTm>
            </FrToDt>
            <Acct>
                <Id>
                    <Othr>
                        <Id>00021521518</Id>
                    </Othr>
                </Id>
                <Ccy>CAD</Ccy>
                <Svcr>
                    <FinInstnId>
                        <BIC>BOFMCAM2</BIC>
                    </FinInstnId>
                </Svcr>
            </Acct>
            <Bal>
                <Tp>
                    <CdOrPrtry>
                        <Prtry>030</Prtry>
                    </CdOrPrtry>
                </Tp>
                <Amt Ccy="CAD">137498.75</Amt>
                <CdtDbtInd>CRDT</CdtDbtInd>
                <Dt>
                    <Dt>2025-08-27</Dt>
                </Dt>
            </Bal>
            <Bal>
                <Tp>
                    <CdOrPrtry>
                        <Prtry>060</Prtry>
                    </CdOrPrtry>
                </Tp>
                <Amt Ccy="CAD">137498.75</Amt>
                <CdtDbtInd>CRDT</CdtDbtInd>
                <Dt>
                    <Dt>2025-08-27</Dt>
                </Dt>
            </Bal>
            <Bal>
                <Tp>
                    <CdOrPrtry>
                        <Prtry>066</Prtry>
                    </CdOrPrtry>
                </Tp>
                <Amt Ccy="CAD">155126.75</Amt>
                <CdtDbtInd>CRDT</CdtDbtInd>
                <Dt>
                    <Dt>2025-08-27</Dt>
                </Dt>
            </Bal>
            <Bal>
                <Tp>
                    <CdOrPrtry>
                        <Prtry>015</Prtry>
                    </CdOrPrtry>
                </Tp>
                <Amt Ccy="CAD">137498.75</Amt>
                <CdtDbtInd>CRDT</CdtDbtInd>
                <Dt>
                    <Dt>2025-08-27</Dt>
                </Dt>
            </Bal>
            <Bal>
                <Tp>
                    <CdOrPrtry>
                        <Prtry>901</Prtry>
                    </CdOrPrtry>
                </Tp>
                <Amt Ccy="CAD">137498.75</Amt>
                <CdtDbtInd>CRDT</CdtDbtInd>
                <Dt>
                    <Dt>2025-08-27</Dt>
                </Dt>
            </Bal>
            <Bal>
                <Tp>
                    <CdOrPrtry>
                        <Prtry>010</Prtry>
                    </CdOrPrtry>
                </Tp>
                <Amt Ccy="CAD">155126.75</Amt>
                <CdtDbtInd>CRDT</CdtDbtInd>
                <Dt>
                    <Dt>2025-08-27</Dt>
                </Dt>
            </Bal>
            <Bal>
                <Tp>
                    <CdOrPrtry>
                        <Prtry>040</Prtry>
                    </CdOrPrtry>
                </Tp>
                <Amt Ccy="CAD">155126.75</Amt>
                <CdtDbtInd>CRDT</CdtDbtInd>
                <Dt>
                    <Dt>2025-08-27</Dt>
                </Dt>
            </Bal>
            <TxsSummry>
                <TtlDbtNtries>
                    <NbOfNtries>1</NbOfNtries>
                    <Sum>17628.00</Sum>
                </TtlDbtNtries>
            </TxsSummry>
            <Ntry>
                <Amt Ccy="CAD">17628.00</Amt>
                <CdtDbtInd>DBIT</CdtDbtInd>
                <Sts>BOOK</Sts>
                <BkTxCd>
                    <Prtry>
                        <Cd>455</Cd>
                        <Issr>BAI</Issr>
                    </Prtry>
                </BkTxCd>
                <NtryDtls>
                    <TxDtls>
                        <AmtDtls>
                            <TxAmt>
                                <Amt Ccy="CAD">17628.00</Amt>
                            </TxAmt>
                        </AmtDtls>
                        <Avlbty>
                            <Dt>
                                <ActlDt>2025-08-27</ActlDt>
                            </Dt>
                            <Amt Ccy="CAD">17628.00</Amt>
                            <CdtDbtInd>DBIT</CdtDbtInd>
                        </Avlbty>
                        <BkTxCd>
                            <Prtry>
                                <Cd>455</Cd>
                                <Issr>BAI</Issr>
                            </Prtry>
                        </BkTxCd>
                        <AddtlTxInf>Preauthorized Debit / Correction, DEFT SETTLEMENT FLE  0002</AddtlTxInf>
                    </TxDtls>
                </NtryDtls>
            </Ntry>
        </Stmt>
        <Stmt>
            <Id>12</Id>
            <CreDtTm>2025-08-28T07:17:18.188</CreDtTm>
            <FrToDt>
                <FrDtTm>2025-08-27T00:00:00</FrDtTm>
                <ToDtTm>2025-08-27T23:59:59</ToDtTm>
            </FrToDt>
            <Acct>
                <Id>
                    <Othr>
                        <Id>00024747714</Id>
                    </Othr>
                </Id>
                <Ccy>USD</Ccy>
                <Svcr>
                    <FinInstnId>
                        <BIC>BOFMCAM2</BIC>
                    </FinInstnId>
                </Svcr>
            </Acct>
            <Bal>
                <Tp>
                    <CdOrPrtry>
                        <Prtry>015</Prtry>
                    </CdOrPrtry>
                </Tp>
                <Amt Ccy="USD">0.00</Amt>
                <CdtDbtInd>CRDT</CdtDbtInd>
                <Dt>
                    <Dt>2025-08-27</Dt>
                </Dt>
            </Bal>
            <Bal>
                <Tp>
                    <CdOrPrtry>
                        <Prtry>901</Prtry>
                    </CdOrPrtry>
                </Tp>
                <Amt Ccy="USD">0.00</Amt>
                <CdtDbtInd>CRDT</CdtDbtInd>
                <Dt>
                    <Dt>2025-08-27</Dt>
                </Dt>
            </Bal>
            <Bal>
                <Tp>
                    <CdOrPrtry>
                        <Prtry>010</Prtry>
                    </CdOrPrtry>
                </Tp>
                <Amt Ccy="USD">0.00</Amt>
                <CdtDbtInd>CRDT</CdtDbtInd>
                <Dt>
                    <Dt>2025-08-27</Dt>
                </Dt>
            </Bal>
            <Bal>
                <Tp>
                    <CdOrPrtry>
                        <Prtry>030</Prtry>
                    </CdOrPrtry>
                </Tp>
                <Amt Ccy="USD">0.00</Amt>
                <CdtDbtInd>CRDT</CdtDbtInd>
                <Dt>
                    <Dt>2025-08-27</Dt>
                </Dt>
            </Bal>
            <Bal>
                <Tp>
                    <CdOrPrtry>
                        <Prtry>040</Prtry>
                    </CdOrPrtry>
                </Tp>
                <Amt Ccy="USD">0.00</Amt>
                <CdtDbtInd>CRDT</CdtDbtInd>
                <Dt>
                    <Dt>2025-08-27</Dt>
                </Dt>
            </Bal>
            <Bal>
                <Tp>
                    <CdOrPrtry>
                        <Prtry>060</Prtry>
                    </CdOrPrtry>
                </Tp>
                <Amt Ccy="USD">0.00</Amt>
                <CdtDbtInd>CRDT</CdtDbtInd>
                <Dt>
                    <Dt>2025-08-27</Dt>
                </Dt>
            </Bal>
            <Bal>
                <Tp>
                    <CdOrPrtry>
                        <Prtry>066</Prtry>
                    </CdOrPrtry>
                </Tp>
                <Amt Ccy="USD">0.00</Amt>
                <CdtDbtInd>CRDT</CdtDbtInd>
                <Dt>
                    <Dt>2025-08-27</Dt>
                </Dt>
            </Bal>
        </Stmt>
        <Stmt>
            <Id>13</Id>
            <CreDtTm>2025-08-28T07:17:18.190</CreDtTm>
            <FrToDt>
                <FrDtTm>2025-08-27T00:00:00</FrDtTm>
                <ToDtTm>2025-08-27T23:59:59</ToDtTm>
            </FrToDt>
            <Acct>
                <Id>
                    <Othr>
                        <Id>00024747722</Id>
                    </Othr>
                </Id>
                <Ccy>USD</Ccy>
                <Svcr>
                    <FinInstnId>
                        <BIC>BOFMCAM2</BIC>
                    </FinInstnId>
                </Svcr>
            </Acct>
            <Bal>
                <Tp>
                    <CdOrPrtry>
                        <Prtry>015</Prtry>
                    </CdOrPrtry>
                </Tp>
                <Amt Ccy="USD">471.73</Amt>
                <CdtDbtInd>CRDT</CdtDbtInd>
                <Dt>
                    <Dt>2025-08-27</Dt>
                </Dt>
            </Bal>
            <Bal>
                <Tp>
                    <CdOrPrtry>
                        <Prtry>901</Prtry>
                    </CdOrPrtry>
                </Tp>
                <Amt Ccy="USD">471.73</Amt>
                <CdtDbtInd>CRDT</CdtDbtInd>
                <Dt>
                    <Dt>2025-08-27</Dt>
                </Dt>
            </Bal>
            <Bal>
                <Tp>
                    <CdOrPrtry>
                        <Prtry>010</Prtry>
                    </CdOrPrtry>
                </Tp>
                <Amt Ccy="USD">471.73</Amt>
                <CdtDbtInd>CRDT</CdtDbtInd>
                <Dt>
                    <Dt>2025-08-27</Dt>
                </Dt>
            </Bal>
            <Bal>
                <Tp>
                    <CdOrPrtry>
                        <Prtry>030</Prtry>
                    </CdOrPrtry>
                </Tp>
                <Amt Ccy="USD">471.73</Amt>
                <CdtDbtInd>CRDT</CdtDbtInd>
                <Dt>
                    <Dt>2025-08-27</Dt>
                </Dt>
            </Bal>
            <Bal>
                <Tp>
                    <CdOrPrtry>
                        <Prtry>040</Prtry>
                    </CdOrPrtry>
                </Tp>
                <Amt Ccy="USD">471.73</Amt>
                <CdtDbtInd>CRDT</CdtDbtInd>
                <Dt>
                    <Dt>2025-08-27</Dt>
                </Dt>
            </Bal>
            <Bal>
                <Tp>
                    <CdOrPrtry>
                        <Prtry>060</Prtry>
                    </CdOrPrtry>
                </Tp>
                <Amt Ccy="USD">471.73</Amt>
                <CdtDbtInd>CRDT</CdtDbtInd>
                <Dt>
                    <Dt>2025-08-27</Dt>
                </Dt>
            </Bal>
            <Bal>
                <Tp>
                    <CdOrPrtry>
                        <Prtry>066</Prtry>
                    </CdOrPrtry>
                </Tp>
                <Amt Ccy="USD">471.73</Amt>
                <CdtDbtInd>CRDT</CdtDbtInd>
                <Dt>
                    <Dt>2025-08-27</Dt>
                </Dt>
            </Bal>
        </Stmt>
        <Stmt>
            <Id>14</Id>
            <CreDtTm>2025-08-28T07:17:18.191</CreDtTm>
            <FrToDt>
                <FrDtTm>2025-08-27T00:00:00</FrDtTm>
                <ToDtTm>2025-08-27T23:59:59</ToDtTm>
            </FrToDt>
            <Acct>
                <Id>
                    <Othr>
                        <Id>00024778430</Id>
                    </Othr>
                </Id>
                <Ccy>USD</Ccy>
                <Svcr>
                    <FinInstnId>
                        <BIC>BOFMCAM2</BIC>
                    </FinInstnId>
                </Svcr>
            </Acct>
            <Bal>
                <Tp>
                    <CdOrPrtry>
                        <Prtry>015</Prtry>
                    </CdOrPrtry>
                </Tp>
                <Amt Ccy="USD">0.00</Amt>
                <CdtDbtInd>CRDT</CdtDbtInd>
                <Dt>
                    <Dt>2025-08-27</Dt>
                </Dt>
            </Bal>
            <Bal>
                <Tp>
                    <CdOrPrtry>
                        <Prtry>901</Prtry>
                    </CdOrPrtry>
                </Tp>
                <Amt Ccy="USD">0.00</Amt>
                <CdtDbtInd>CRDT</CdtDbtInd>
                <Dt>
                    <Dt>2025-08-27</Dt>
                </Dt>
            </Bal>
            <Bal>
                <Tp>
                    <CdOrPrtry>
                        <Prtry>010</Prtry>
                    </CdOrPrtry>
                </Tp>
                <Amt Ccy="USD">0.00</Amt>
                <CdtDbtInd>CRDT</CdtDbtInd>
                <Dt>
                    <Dt>2025-08-27</Dt>
                </Dt>
            </Bal>
            <Bal>
                <Tp>
                    <CdOrPrtry>
                        <Prtry>030</Prtry>
                    </CdOrPrtry>
                </Tp>
                <Amt Ccy="USD">0.00</Amt>
                <CdtDbtInd>CRDT</CdtDbtInd>
                <Dt>
                    <Dt>2025-08-27</Dt>
                </Dt>
            </Bal>
            <Bal>
                <Tp>
                    <CdOrPrtry>
                        <Prtry>040</Prtry>
                    </CdOrPrtry>
                </Tp>
                <Amt Ccy="USD">0.00</Amt>
                <CdtDbtInd>CRDT</CdtDbtInd>
                <Dt>
                    <Dt>2025-08-27</Dt>
                </Dt>
            </Bal>
            <Bal>
                <Tp>
                    <CdOrPrtry>
                        <Prtry>060</Prtry>
                    </CdOrPrtry>
                </Tp>
                <Amt Ccy="USD">0.00</Amt>
                <CdtDbtInd>CRDT</CdtDbtInd>
                <Dt>
                    <Dt>2025-08-27</Dt>
                </Dt>
            </Bal>
            <Bal>
                <Tp>
                    <CdOrPrtry>
                        <Prtry>066</Prtry>
                    </CdOrPrtry>
                </Tp>
                <Amt Ccy="USD">0.00</Amt>
                <CdtDbtInd>CRDT</CdtDbtInd>
                <Dt>
                    <Dt>2025-08-27</Dt>
                </Dt>
            </Bal>
        </Stmt>
    </BkToCstmrStmt>
</Document>