<?xml version="1.0" encoding="utf-8"?>
<Document xmlns="urn:iso:std:iso:20022:tech:xsd:camt.053.001.02"
    xmlns:xs="http://www.w3.org/2001/XMLSchema">
    <BkToCstmrStmt>
        <GrpHdr>
            <MsgId>201401030009999_20140104015504378</MsgId>
            <CreDtTm>2014-01-04T01:55:04.378+01:00</CreDtTm>
            <MsgRcpt>
                <Nm>INGBankNV</Nm>
                <Id>
                    <OrgId>
                        <Othr>
                            <Id>12345678</Id>
                        </Othr>
                    </OrgId>
                </Id>
            </MsgRcpt>
        </GrpHdr>
        <Stmt>
            <Id>201401030009999</Id>
            <ElctrncSeqNb>03</ElctrncSeqNb>
            <CreDtTm>2014-01-04T01:55:04.378+01:00</CreDtTm>
            <FrToDt>
                <FrDtTm>2014-01-03T00:00:00</FrDtTm>
                <ToDtTm>2014-01-03T23:59:59</ToDtTm>
            </FrToDt>
            <Acct>
                <Id>
                    <IBAN>NL08INGB0000001234</IBAN>
                </Id>
                <Tp>
                    <Cd>CACC</Cd>
                </Tp>
                <Ccy>EUR</Ccy>
                <Ownr>
                    <Nm>INGBankNV</Nm>
                </Ownr>
                <Svcr>
                    <FinInstnId>
                        <BIC>INGBNL2A</BIC>
                    </FinInstnId>
                </Svcr>
            </Acct>
            <Bal>
                <Tp>
                    <CdOrPrtry>
                        <Cd>PRCD</Cd>
                    </CdOrPrtry>
                </Tp>
                <Amt Ccy="EUR">1000.00</Amt>
                <CdtDbtInd>CRDT</CdtDbtInd>
                <Dt>
                    <Dt>2014-01-02</Dt>
                </Dt>
            </Bal>
            <Bal>
                <Tp>
                    <CdOrPrtry>
                        <Cd>OPBD</Cd>
                    </CdOrPrtry>
                </Tp>
                <Amt Ccy="EUR">1000.00</Amt>
                <CdtDbtInd>CRDT</CdtDbtInd>
                <Dt>
                    <Dt>2014-01-03</Dt>
                </Dt>
            </Bal>
            <Bal>
                <Tp>
                    <CdOrPrtry>
                        <Cd>CLBD</Cd>
                    </CdOrPrtry>
                </Tp>
                <Amt Ccy="EUR">1605.00</Amt>
                <CdtDbtInd>CRDT</CdtDbtInd>
                <Dt>
                    <Dt>2014-01-03</Dt>
                </Dt>
            </Bal>
            <Bal>
                <Tp>
                    <CdOrPrtry>
                        <Cd>CLAV</Cd>
                    </CdOrPrtry>
                </Tp>
                <Amt Ccy="EUR">1605.00</Amt>
                <CdtDbtInd>CRDT</CdtDbtInd>
                <Dt>
                    <Dt>2014-01-03</Dt>
                </Dt>
            </Bal>
            <TxsSummry>
                <TtlNtries>
                    <NbOfNtries>9</NbOfNtries>
                    <Sum>1375.00</Sum>
                </TtlNtries>
                <TtlCdtNtries>
                    <NbOfNtries>5</NbOfNtries>
                    <Sum>990.00</Sum>
                </TtlCdtNtries>
                <TtlDbtNtries>
                    <NbOfNtries>4</NbOfNtries>
                    <Sum>385.00</Sum>
                </TtlDbtNtries>
            </TxsSummry>
            <Ntry>
                <NtryRef>011111333306999888000000008</NtryRef>
                <Amt Ccy="EUR">350.00</Amt>
                <CdtDbtInd>CRDT</CdtDbtInd>
                <Sts>BOOK</Sts>
                <BookgDt>
                    <Dt>2014-01-03</Dt>
                </BookgDt>
                <ValDt>
                    <Dt>2014-01-03</Dt>
                </ValDt>
                <AcctSvcrRef>59999208N9</AcctSvcrRef>
                <BkTxCd>
                    <Domn>
                        <Cd>PMNT</Cd>
                        <Fmly>
                            <Cd>RCDT</Cd>
                            <SubFmlyCd>ESCT</SubFmlyCd>
                        </Fmly>
                    </Domn>
                    <Prtry>
                        <Cd>00100</Cd>
                        <Issr>INGGroup</Issr>
                    </Prtry>
                </BkTxCd>
                <NtryDtls>
                    <TxDtls>
                        <RltdPties>
                            <Dbtr>
                                <Nm>INGTestrekening</Nm>
                            </Dbtr>
                            <DbtrAcct>
                                <Id>
                                    <IBAN>NL20INGB0001234567</IBAN>
                                </Id>
                                <Tp>
                                    <Prtry>General</Prtry>
                                </Tp>
                            </DbtrAcct>
                        </RltdPties>
                        <RltdAgts>
                            <DbtrAgt>
                                <FinInstnId>
                                    <BIC>INGBNL2A</BIC>
                                </FinInstnId>
                            </DbtrAgt>
                        </RltdAgts>
                        <RmtInf>
                            <Strd>
                                <CdtrRefInf>
                                    <Tp>
                                        <CdOrPrtry>
                                            <Cd>SCOR</Cd>
                                        </CdOrPrtry>
                                        <Issr>CUR</Issr>
                                    </Tp>
                                    <Ref>0010008346912014</Ref>
                                </CdtrRefInf>
                            </Strd>
                        </RmtInf>
                        <RltdDts>
                            <TxDtTm>2014-01-03T19:07:37</TxDtTm>
                        </RltdDts>
                    </TxDtls>
                </NtryDtls>
            </Ntry>
            <Ntry>
                <NtryRef>011111333306999888111100008</NtryRef>
                <Amt Ccy="EUR">125.00</Amt>
                <CdtDbtInd>CRDT</CdtDbtInd>
                <Sts>BOOK</Sts>
                <BookgDt>
                    <Dt>2014-01-03</Dt>
                </BookgDt>
                <ValDt>
                    <Dt>2014-01-03</Dt>
                </ValDt>
                <AcctSvcrRef>98888208N8</AcctSvcrRef>
                <BkTxCd>
                    <Domn>
                        <Cd>PMNT</Cd>
                        <Fmly>
                            <Cd>RCDT</Cd>
                            <SubFmlyCd>ESCT</SubFmlyCd>
                        </Fmly>
                    </Domn>
                    <Prtry>
                        <Cd>00101</Cd>
                        <Issr>INGGroup</Issr>
                    </Prtry>
                </BkTxCd>
                <NtryDtls>
                    <TxDtls>
                        <RltdPties>
                            <Dbtr>
                                <Nm>INGTestrekening</Nm>
                            </Dbtr>
                            <DbtrAcct>
                                <Id>
                                    <IBAN>NL20INGB0001234567</IBAN>
                                </Id>
                                <Tp>
                                    <Prtry>General</Prtry>
                                </Tp>
                            </DbtrAcct>
                        </RltdPties>
                        <RltdAgts>
                            <DbtrAgt>
                                <FinInstnId>
                                    <BIC>INGBNL2A</BIC>
                                </FinInstnId>
                            </DbtrAgt>
                        </RltdAgts>
                        <RmtInf>
                            <Ustrd>UstrdRemi2014010323566INGBankNV</Ustrd>
                        </RmtInf>
                        <RltdDts>
                            <TxDtTm>2014-01-03T18:12:32</TxDtTm>
                        </RltdDts>
                    </TxDtls>
                </NtryDtls>
            </Ntry>
            <Ntry>
                <NtryRef>023334012226666660000000222</NtryRef>
                <Amt Ccy="EUR">120.00</Amt>
                <CdtDbtInd>CRDT</CdtDbtInd>
                <Sts>BOOK</Sts>
                <BookgDt>
                    <Dt>2014-01-03</Dt>
                </BookgDt>
                <ValDt>
                    <Dt>2014-01-03</Dt>
                </ValDt>
                <AcctSvcrRef>15180015077602405</AcctSvcrRef>
                <BkTxCd>
                    <Domn>
                        <Cd>PMNT</Cd>
                        <Fmly>
                            <Cd>RCDT</Cd>
                            <SubFmlyCd>ESCT</SubFmlyCd>
                        </Fmly>
                    </Domn>
                    <Prtry>
                        <Cd>00108</Cd>
                        <Issr>INGGroup</Issr>
                    </Prtry>
                </BkTxCd>
                <NtryDtls>
                    <TxDtls>
                        <Refs>
                            <EndToEndId>20140103E2EIdA1INGBankNV</EndToEndId>
                        </Refs>
                        <RltdPties>
                            <Dbtr>
                                <Nm>INGTestrekening</Nm>
                            </Dbtr>
                            <DbtrAcct>
                                <Id>
                                    <IBAN>NL20INGB0001234567</IBAN>
                                </Id>
                                <Tp>
                                    <Prtry>General</Prtry>
                                </Tp>
                            </DbtrAcct>
                        </RltdPties>
                        <RltdAgts>
                            <DbtrAgt>
                                <FinInstnId>
                                    <BIC>INGBNL2A</BIC>
                                </FinInstnId>
                            </DbtrAgt>
                        </RltdAgts>
                        <RmtInf>
                            <Strd>
                                <CdtrRefInf>
                                    <Tp>
                                        <CdOrPrtry>
                                            <Cd>SCOR</Cd>
                                        </CdOrPrtry>
                                        <Issr>CUR</Issr>
                                    </Tp>
                                    <Ref>6390338414964113</Ref>
                                </CdtrRefInf>
                            </Strd>
                        </RmtInf>
                        <RltdDts>
                            <TxDtTm>2014-01-03T01:21:23</TxDtTm>
                        </RltdDts>
                    </TxDtls>
                </NtryDtls>
            </Ntry>
            <Ntry>
                <NtryRef>021213336777108888000000002</NtryRef>
                <Amt Ccy="EUR">270.00</Amt>
                <CdtDbtInd>CRDT</CdtDbtInd>
                <Sts>BOOK</Sts>
                <BookgDt>
                    <Dt>2014-01-03</Dt>
                </BookgDt>
                <ValDt>
                    <Dt>2014-01-03</Dt>
                </ValDt>
                <AcctSvcrRef>3102766686999</AcctSvcrRef>
                <BkTxCd>
                    <Domn>
                        <Cd>PMNT</Cd>
                        <Fmly>
                            <Cd>IDDT</Cd>
                            <SubFmlyCd>ESDD</SubFmlyCd>
                        </Fmly>
                    </Domn>
                    <Prtry>
                        <Cd>01010</Cd>
                        <Issr>INGGroup</Issr>
                    </Prtry>
                </BkTxCd>
                <NtryDtls>
                    <Btch>
                        <PmtInfId>SCTBtchId20140103A2PSTN</PmtInfId>
                        <NbOfTxs>2</NbOfTxs>
                    </Btch>
                </NtryDtls>
            </Ntry>
            <Ntry>
                <NtryRef>022221333306999888222200008</NtryRef>
                <Amt Ccy="EUR">125.00</Amt>
                <CdtDbtInd>CRDT</CdtDbtInd>
                <Sts>BOOK</Sts>
                <BookgDt>
                    <Dt>2014-01-03</Dt>
                </BookgDt>
                <ValDt>
                    <Dt>2014-01-03</Dt>
                </ValDt>
                <AcctSvcrRef>98888208N8</AcctSvcrRef>
                <BkTxCd>
                    <Domn>
                        <Cd>PMNT</Cd>
                        <Fmly>
                            <Cd>RCDT</Cd>
                            <SubFmlyCd>RRTN</SubFmlyCd>
                        </Fmly>
                    </Domn>
                    <Prtry>
                        <Cd>00190</Cd>
                        <Issr>INGGroup</Issr>
                    </Prtry>
                </BkTxCd>
                <NtryDtls>
                    <TxDtls>
                        <RltdPties>
                            <Dbtr>
                                <Nm>INGTestrekening</Nm>
                            </Dbtr>
                            <DbtrAcct>
                                <Id>
                                    <IBAN>NL20INGB0005047249</IBAN>
                                </Id>
                                <Tp>
                                    <Prtry>General</Prtry>
                                </Tp>
                            </DbtrAcct>
                        </RltdPties>
                        <RltdAgts>
                            <DbtrAgt>
                                <FinInstnId>
                                    <BIC>INGBNL2A</BIC>
                                </FinInstnId>
                            </DbtrAgt>
                        </RltdAgts>
                        <RmtInf>
                            <Ustrd>UstrdRemiInf127881778INGB9</Ustrd>
                        </RmtInf>
                        <RltdDts>
                            <TxDtTm>2014-01-03T15:00:00</TxDtTm>
                        </RltdDts>
                        <RtrInf>
                            <Rsn>
                                <Cd>AC04</Cd>
                            </Rsn>
                        </RtrInf>
                    </TxDtls>
                </NtryDtls>
            </Ntry>
            <Ntry>
                <NtryRef>012222333306999888111100002</NtryRef>
                <Amt Ccy="EUR">25.00</Amt>
                <CdtDbtInd>DBIT</CdtDbtInd>
                <Sts>BOOK</Sts>
                <BookgDt>
                    <Dt>2014-01-03</Dt>
                </BookgDt>
                <ValDt>
                    <Dt>2014-01-03</Dt>
                </ValDt>
                <AcctSvcrRef>77774288N1</AcctSvcrRef>
                <BkTxCd>
                    <Domn>
                        <Cd>PMNT</Cd>
                        <Fmly>
                            <Cd>ICDT</Cd>
                            <SubFmlyCd>ESCT</SubFmlyCd>
                        </Fmly>
                    </Domn>
                    <Prtry>
                        <Cd>00108</Cd>
                        <Issr>INGGroup</Issr>
                    </Prtry>
                </BkTxCd>
                <NtryDtls>
                    <TxDtls>
                        <Refs>
                            <EndToEndId>INGBE2EId545448451E5</EndToEndId>
                        </Refs>
                        <RltdPties>
                            <Cdtr>
                                <Nm>INGTestrekening</Nm>
                            </Cdtr>
                            <CdtrAcct>
                                <Id>
                                    <IBAN>NL20INGB0001234567</IBAN>
                                </Id>
                                <Tp>
                                    <Prtry>General</Prtry>
                                </Tp>
                            </CdtrAcct>
                        </RltdPties>
                        <RltdAgts>
                            <CdtrAgt>
                                <FinInstnId>
                                    <BIC>INGBNL2A</BIC>
                                </FinInstnId>
                            </CdtrAgt>
                        </RltdAgts>
                        <RmtInf>
                            <Strd>
                                <CdtrRefInf>
                                    <Tp>
                                        <CdOrPrtry>
                                            <Cd>SCOR</Cd>
                                        </CdOrPrtry>
                                        <Issr>CUR</Issr>
                                    </Tp>
                                    <Ref>1234567812345678</Ref>
                                </CdtrRefInf>
                            </Strd>
                        </RmtInf>
                        <RltdDts>
                            <TxDtTm>2014-01-03T17:06:50</TxDtTm>
                        </RltdDts>
                    </TxDtls>
                </NtryDtls>
            </Ntry>
            <Ntry>
                <NtryRef>022224003708888999000000009</NtryRef>
                <Amt Ccy="EUR">300.00</Amt>
                <CdtDbtInd>DBIT</CdtDbtInd>
                <Sts>BOOK</Sts>
                <BookgDt>
                    <Dt>2014-01-03</Dt>
                </BookgDt>
                <ValDt>
                    <Dt>2014-01-03</Dt>
                </ValDt>
                <AcctSvcrRef>98997828N7</AcctSvcrRef>
                <BkTxCd>
                    <Domn>
                        <Cd>PMNT</Cd>
                        <Fmly>
                            <Cd>ICDT</Cd>
                            <SubFmlyCd>ESCT</SubFmlyCd>
                        </Fmly>
                    </Domn>
                    <Prtry>
                        <Cd>00200</Cd>
                        <Issr>INGGroup</Issr>
                    </Prtry>
                </BkTxCd>
                <NtryDtls>
                    <Btch>
                        <PmtInfId>20140103MctBtchId2VZ</PmtInfId>
                        <NbOfTxs>2</NbOfTxs>
                    </Btch>
                </NtryDtls>
            </Ntry>
            <Ntry>
                <NtryRef>021514017743280167000000001</NtryRef>
                <Amt Ccy="EUR">30.00</Amt>
                <CdtDbtInd>DBIT</CdtDbtInd>
                <Sts>BOOK</Sts>
                <BookgDt>
                    <Dt>2014-01-03</Dt>
                </BookgDt>
                <ValDt>
                    <Dt>2014-01-03</Dt>
                </ValDt>
                <AcctSvcrRef>3101963431841</AcctSvcrRef>
                <BkTxCd>
                    <Domn>
                        <Cd>PMNT</Cd>
                        <Fmly>
                            <Cd>RDDT</Cd>
                            <SubFmlyCd>BBDD</SubFmlyCd>
                        </Fmly>
                    </Domn>
                    <Prtry>
                        <Cd>01025</Cd>
                        <Issr>INGGroup</Issr>
                    </Prtry>
                </BkTxCd>
                <NtryDtls>
                    <TxDtls>
                        <Refs>
                            <EndToEndId>6010512558977000</EndToEndId>
                            <MndtId>BBDDMdtESNTR</MndtId>
                        </Refs>
                        <AmtDtls>
                            <InstdAmt>
                                <Amt Ccy="EUR">30.00</Amt>
                            </InstdAmt>
                        </AmtDtls>
                        <RltdPties>
                            <Cdtr>
                                <Nm>INGBANKNV</Nm>
                                <Id>
                                    <OrgId>
                                        <Othr>
                                            <Id>NL11ZZZ111123333111</Id>
                                            <SchmeNm>
                                                <Cd>SEPA</Cd>
                                            </SchmeNm>
                                        </Othr>
                                    </OrgId>
                                </Id>
                            </Cdtr>
                            <CdtrAcct>
                                <Id>
                                    <IBAN>NL20INGB0001234567</IBAN>
                                </Id>
                                <Tp>
                                    <Prtry>General</Prtry>
                                </Tp>
                            </CdtrAcct>
                        </RltdPties>
                        <RltdAgts>
                            <CdtrAgt>
                                <FinInstnId>
                                    <BIC>INGBNL2A</BIC>
                                </FinInstnId>
                            </CdtrAgt>
                        </RltdAgts>
                        <RmtInf>
                            <Ustrd>INGB20140103UstrdRemiInf454655GHF</Ustrd>
                        </RmtInf>
                        <RltdDts>
                            <TxDtTm>2014-01-03T16:38:22</TxDtTm>
                        </RltdDts>
                    </TxDtls>
                </NtryDtls>
            </Ntry>
            <Ntry>
                <NtryRef>021514017743280167000000001</NtryRef>
                <Amt Ccy="EUR">30.00</Amt>
                <CdtDbtInd>DBIT</CdtDbtInd>
                <RvslInd>true</RvslInd>
                <Sts>BOOK</Sts>
                <BookgDt>
                    <Dt>2014-01-03</Dt>
                </BookgDt>
                <ValDt>
                    <Dt>2013-12-20</Dt>
                </ValDt>
                <AcctSvcrRef>3101963431841</AcctSvcrRef>
                <BkTxCd>
                    <Domn>
                        <Cd>PMNT</Cd>
                        <Fmly>
                            <Cd>IDDT</Cd>
                            <SubFmlyCd>UPDD</SubFmlyCd>
                        </Fmly>
                    </Domn>
                    <Prtry>
                        <Cd>01304</Cd>
                        <Issr>INGGroup</Issr>
                    </Prtry>
                </BkTxCd>
                <NtryDtls>
                    <TxDtls>
                        <Refs>
                            <EndToEndId>5000300060007000</EndToEndId>
                            <MndtId>DDMdtINGBC</MndtId>
                        </Refs>
                        <RltdPties>
                            <Cdtr>
                                <Nm>INGTestrekening</Nm>
                                <Id>
                                    <OrgId>
                                        <Othr>
                                            <Id>NL11ZZZ111123333111</Id>
                                            <SchmeNm>
                                                <Cd>SEPA</Cd>
                                            </SchmeNm>
                                        </Othr>
                                    </OrgId>
                                </Id>
                            </Cdtr>
                            <CdtrAcct>
                                <Id>
                                    <IBAN>NL20INGB0001234567</IBAN>
                                </Id>
                                <Tp>
                                    <Prtry>General</Prtry>
                                </Tp>
                            </CdtrAcct>
                        </RltdPties>
                        <RltdAgts>
                            <CdtrAgt>
                                <FinInstnId>
                                    <BIC>INGBNL2A</BIC>
                                </FinInstnId>
                            </CdtrAgt>
                        </RltdAgts>
                        <RmtInf>
                            <Ustrd>INGHGV21545UstrdRemiInf20140103GUB</Ustrd>
                        </RmtInf>
                        <RltdDts>
                            <TxDtTm>2014-01-03T16:38:22</TxDtTm>
                        </RltdDts>
                        <RtrInf>
                            <Rsn>
                                <Cd>MD06</Cd>
                            </Rsn>
                        </RtrInf>
                    </TxDtls>
                </NtryDtls>
            </Ntry>
        </Stmt>
    </BkToCstmrStmt>
</Document>