<?xml version="1.0"?>
<Document xmlns="urn:iso:std:iso:20022:tech:xsd:pain.001.001.03" xmlns:xsi="http://www.w3.org/2001/XMLSchema-instance">
  <CstmrCdtTrfInitn>
    <GrpHdr>
      <MsgId>38b0440b12d741d690e5721ab6f90e33</MsgId>
      <CreDtTm>2025-02-10T01:22:07.958Z</CreDtTm>
      <NbOfTxs>1</NbOfTxs>
      <CtrlSum>10.00</CtrlSum>
      <InitgPty>
        <Nm>Electrical</Nm>
        <Id>
          <OrgId>
            <Othr>
              <Id>ELECTRIC</Id>
            </Othr>
          </OrgId>
        </Id>
      </InitgPty>
    </GrpHdr>
    <PmtInf>
      <PmtInfId>a790e857-e006-4dea-8d35-3fccf4736e4</PmtInfId>
      <PmtMtd>TRF</PmtMtd>
      <NbOfTxs>1</NbOfTxs>
      <CtrlSum>10.00</CtrlSum>
      <PmtTpInf>
        <SvcLvl>
          <Cd>SEPA</Cd>
        </SvcLvl>
        <CtgyPurp>
          <Cd>TRAD</Cd>
        </CtgyPurp>
      </PmtTpInf>
      <ReqdExctnDt>2025-02-10</ReqdExctnDt>
      <Dbtr>
        <Nm>Electrical</Nm>
      </Dbtr>
      <DbtrAcct>
        <Id>
          <IBAN>ES9121000418450200051332</IBAN>
        </Id>
      </DbtrAcct>
      <DbtrAgt>
        <FinInstnId>
          <BIC>BSCHESMMXXX</BIC>
        </FinInstnId>
      </DbtrAgt>
      <ChrgBr>SLEV</ChrgBr>
      <CdtTrfTxInf>
        <PmtId>
          <InstrId>d6ecf0cb-e0c3-4fe9-8f21-45464fde659</InstrId>
          <EndToEndId>d6ecf0cb-e0c3-4fe9-8f21-45464fde659</EndToEndId>
        </PmtId>
        <Amt>
          <InstdAmt Ccy="EUR">10.00</InstdAmt>
        </Amt>
        <CdtrAgt>
          <FinInstnId>
            <BIC>BBVAESMMXXX</BIC>
          </FinInstnId>
        </CdtrAgt>
        <Cdtr>
          <Nm>Dáel Muñiz</Nm>
          <PstlAdr>
            <StrtNm>Calle de Serrano</StrtNm>
            <BldgNb>41</BldgNb>
            <PstCd>28001</PstCd>
            <TwnNm>Madrid</TwnNm>
            <CtrySubDvsn>Madrid</CtrySubDvsn>
            <Ctry>ES</Ctry>
          </PstlAdr>
        </Cdtr>
        <CdtrAcct>
          <Id>
            <IBAN>ES8201822200150201504058</IBAN>
          </Id>
          <Ccy>EUR</Ccy>
        </CdtrAcct>
      </CdtTrfTxInf>
    </PmtInf>
  </CstmrCdtTrfInitn>
</Document>