<?xml version="1.0" encoding="UTF-8"?>
<Document xmlns="urn:iso:std:iso:20022:tech:xsd:camt.053.001.02" xmlns:xsi="http://www.w3.org/2001/XMLSchema-instance" xsi:schemaLocation="urn:iso:std:iso:20022:tech:xsd:camt.053.001.02 camt.053.001.02.xsd">
	<BkToCstmrStmt>
		<GrpHdr>
			<MsgId>XML12345678901234567890123456789012</MsgId>
			<CreDtTm>2019-05-09T04:33:00.444Z</CreDtTm>
			<MsgRcpt>
				<Id>
					<OrgId>
						<Othr>
							<Id>1234567890</Id>
							<SchmeNm>
								<Cd>CUST</Cd>
							</SchmeNm>
						</Othr>
						<Othr>
							<Id>NDEAPROD</Id>
							<SchmeNm>
								<Cd>BANK</Cd>
							</SchmeNm>
						</Othr>
					</OrgId>
				</Id>
			</MsgRcpt>
		</GrpHdr>
		<Stmt>
			<Id>2019-05-09-04.44.12-EUR0574</Id>
			<ElctrncSeqNb>25</ElctrncSeqNb>
			<LglSeqNb>20</LglSeqNb>
			<CreDtTm>2019-05-09T04:33:00.444Z</CreDtTm>
			<Acct>
				<Id>
					<IBAN>FI8529501800030574</IBAN>
				</Id>
				<Ccy>EUR</Ccy>
				<Ownr>
					<Nm>TEST COMPANY</Nm>
				</Ownr>
				<Svcr>
					<FinInstnId>
						<BIC>NDEAFIHH</BIC>
						<PstlAdr>
							<Ctry>FI</Ctry>
						</PstlAdr>
					</FinInstnId>
				</Svcr>
			</Acct>
			<Bal>
				<Tp>
					<CdOrPrtry>
						<Cd>OPBD</Cd>
					</CdOrPrtry>
				</Tp>
				<Amt Ccy="EUR">200.50</Amt>
				<CdtDbtInd>CRDT</CdtDbtInd>
				<Dt>
					<Dt>2019-05-08</Dt>
				</Dt>
			</Bal>
			<Bal>
				<Tp>
					<CdOrPrtry>
						<Cd>CLBD</Cd>
					</CdOrPrtry>
				</Tp>
				<Amt Ccy="EUR">8800.50</Amt>
				<CdtDbtInd>CRDT</CdtDbtInd>
				<Dt>
					<Dt>2019-05-08</Dt>
				</Dt>
			</Bal>
			<Ntry>
				<NtryRef>1</NtryRef>
				<Amt Ccy="EUR">10000.00</Amt>
				<CdtDbtInd>CRDT</CdtDbtInd>
				<Sts>BOOK</Sts>
				<BookgDt>
					<Dt>2019-05-08</Dt>
				</BookgDt>
				<ValDt>
					<Dt>2019-05-08</Dt>
				</ValDt>
				<AcctSvcrRef>1905082588CEAA0001</AcctSvcrRef>
				<BkTxCd>
					<Domn>
						<Cd>PMNT</Cd>
						<Fmly>
							<Cd>RCDT</Cd>
							<SubFmlyCd>ESCT</SubFmlyCd>
						</Fmly>
					</Domn>
				</BkTxCd>
				<NtryDtls>
					<TxDtls>
						<Refs>
							<AcctSvcrRef>1905082588CEAA0001</AcctSvcrRef>
							<EndToEndId>20190501-E00005</EndToEndId>
						</Refs>
						<AmtDtls>
							<TxAmt>
								<Amt Ccy="EUR">10000.00</Amt>
							</TxAmt>
						</AmtDtls>
						<RmtInf>
							<Strd>
								<CdtrRefInf>
									<Tp>
										<CdOrPrtry>
											<Cd>SCOR</Cd>
										</CdOrPrtry>
									</Tp>
									<Ref>00000000000000001245</Ref>
								</CdtrRefInf>
							</Strd>
						</RmtInf>
						<RltdDts>
							<AccptncDtTm>2019-05-07T00:00:00Z</AccptncDtTm>
						</RltdDts>
					</TxDtls>
				</NtryDtls>
			</Ntry>
			<Ntry>
				<NtryRef>2</NtryRef>
				<Amt Ccy="EUR">100.50</Amt>
				<CdtDbtInd>CRDT</CdtDbtInd>
				<Sts>BOOK</Sts>
				<BookgDt>
					<Dt>2019-05-08</Dt>
				</BookgDt>
				<ValDt>
					<Dt>2019-05-08</Dt>
				</ValDt>
				<AcctSvcrRef>1905082588SM12345678</AcctSvcrRef>
				<BkTxCd>
					<Domn>
						<Cd>PMNT</Cd>
						<Fmly>
							<Cd>RCDT</Cd>
							<SubFmlyCd>XBCT</SubFmlyCd>
						</Fmly>
					</Domn>
				</BkTxCd>
				<NtryDtls>
					<TxDtls>
						<Refs>
							<AcctSvcrRef>1905082588SM12345678</AcctSvcrRef>
							<EndToEndId>NOTPROVIDED</EndToEndId>
						</Refs>
						<AmtDtls>
							<TxAmt>
								<Amt Ccy="EUR">100.50</Amt>
							</TxAmt>
						</AmtDtls>
						<RmtInf>
							<Ustrd>Free text max 140 characters and ma</Ustrd>
							<Ustrd>x 35 characters in one line</Ustrd>
						</RmtInf>
					</TxDtls>
				</NtryDtls>
			</Ntry>
			<Ntry>
				<NtryRef>3</NtryRef>
				<Amt Ccy="EUR">700.50</Amt>
				<CdtDbtInd>DBIT</CdtDbtInd>
				<Sts>BOOK</Sts>
				<BookgDt>
					<Dt>2019-05-08</Dt>
				</BookgDt>
				<ValDt>
					<Dt>2019-05-08</Dt>
				</ValDt>
				<AcctSvcrRef>1905082588CEAG0003</AcctSvcrRef>
				<BkTxCd>
					<Domn>
						<Cd>PMNT</Cd>
						<Fmly>
							<Cd>ICDT</Cd>
							<SubFmlyCd>ESCT</SubFmlyCd>
						</Fmly>
					</Domn>
				</BkTxCd>
				<NtryDtls>
					<TxDtls>
						<Refs>
							<MsgId>0001</MsgId>
							<AcctSvcrRef>1905082588CEAG0003</AcctSvcrRef>
							<PmtInfId>PMNTINFID08052019</PmtInfId>
							<InstrId>INSTRID20190508</InstrId>
							<EndToEndId>20190508-E123456</EndToEndId>
						</Refs>
						<AmtDtls>
							<TxAmt>
								<Amt Ccy="EUR">700.50</Amt>
							</TxAmt>
						</AmtDtls>
						<RmtInf>
							<Strd>
								<CdtrRefInf>
									<Tp>
										<CdOrPrtry>
											<Cd>SCOR</Cd>
										</CdOrPrtry>
										<Issr>ISO</Issr>
									</Tp>
									<Ref>RF332348236</Ref>
								</CdtrRefInf>
							</Strd>
						</RmtInf>
					</TxDtls>
				</NtryDtls>
			</Ntry>
			<Ntry>
				<NtryRef>4</NtryRef>
				<Amt Ccy="EUR">300.00</Amt>
				<CdtDbtInd>DBIT</CdtDbtInd>
				<Sts>BOOK</Sts>
				<BookgDt>
					<Dt>2019-05-08</Dt>
				</BookgDt>
				<ValDt>
					<Dt>2019-05-08</Dt>
				</ValDt>
				<AcctSvcrRef>1905092588CEAG0004</AcctSvcrRef>
				<BkTxCd>
					<Domn>
						<Cd>PMNT</Cd>
						<Fmly>
							<Cd>ICCN</Cd>
							<SubFmlyCd>ICCT</SubFmlyCd>
						</Fmly>
					</Domn>
				</BkTxCd>
				<NtryDtls>
					<TxDtls>
						<Refs>
							<AcctSvcrRef>1905092588CEAG0004</AcctSvcrRef>
							<EndToEndId>NOTPROVIDED</EndToEndId>
						</Refs>
						<AmtDtls>
							<TxAmt>
								<Amt Ccy="EUR">300.00</Amt>
							</TxAmt>
						</AmtDtls>
						<RmtInf>
							<Ustrd>Free text max 140 characters</Ustrd>
						</RmtInf>
					</TxDtls>
				</NtryDtls>
			</Ntry>
			<Ntry>
				<NtryRef>5</NtryRef>
				<Amt Ccy="EUR">400.00</Amt>
				<CdtDbtInd>DBIT</CdtDbtInd>
				<Sts>BOOK</Sts>
				<BookgDt>
					<Dt>2019-05-08</Dt>
				</BookgDt>
				<ValDt>
					<Dt>2019-05-08</Dt>
				</ValDt>
				<AcctSvcrRef>1905082588CVCC1111</AcctSvcrRef>
				<BkTxCd>
					<Domn>
						<Cd>PMNT</Cd>
						<Fmly>
							<Cd>NTAV</Cd>
							<SubFmlyCd>NTAV</SubFmlyCd>
						</Fmly>
					</Domn>
				</BkTxCd>
				<NtryDtls>
					<TxDtls>
						<Refs>
							<MsgId>12345567</MsgId>
							<AcctSvcrRef>1905082588CVCC1111</AcctSvcrRef>
							<EndToEndId>NOTPROVIDED</EndToEndId>
						</Refs>
						<AmtDtls>
							<TxAmt>
								<Amt Ccy="EUR">400.00</Amt>
							</TxAmt>
						</AmtDtls>
					</TxDtls>
				</NtryDtls>
			</Ntry>
			<Ntry>
				<NtryRef>6</NtryRef>
				<Amt Ccy="EUR">100.00</Amt>
				<CdtDbtInd>DBIT</CdtDbtInd>
				<Sts>BOOK</Sts>
				<BookgDt>
					<Dt>2019-05-08</Dt>
				</BookgDt>
				<ValDt>
					<Dt>2019-05-08</Dt>
				</ValDt>
				<AcctSvcrRef>1905082588AU123456</AcctSvcrRef>
				<BkTxCd>
					<Domn>
						<Cd>CAMT</Cd>
						<Fmly>
							<Cd>ACCB</Cd>
							<SubFmlyCd>SWEP</SubFmlyCd>
						</Fmly>
					</Domn>
				</BkTxCd>
				<NtryDtls>
					<TxDtls>
						<Refs>
							<AcctSvcrRef>1905082588AU123456</AcctSvcrRef>
						</Refs>
						<AmtDtls>
							<TxAmt>
								<Amt Ccy="EUR">100.00</Amt>
							</TxAmt>
						</AmtDtls>
						<RmtInf>
							<Ustrd>CMS/Account Number</Ustrd>
						</RmtInf>
					</TxDtls>
				</NtryDtls>
			</Ntry>
		</Stmt>
	</BkToCstmrStmt>
</Document>
